2055 3589
89 971 286 1049 Drama
313 991 550 1040 Graecum
580 1004 636 1038 ex
664 989 865 1038 canticis
893 989 1100 1037 choricis
1128 987 1319 1035 Baccho
1356 986 1535 1045 sacris,
1573 999 1696 1047 quae
1727 982 1769 1031 ei

92 1079 329 1140 originem
358 1077 596 1124 dederunt
621 1080 810 1137 partem
839 1088 1041 1136 prorsus
1070 1074 1270 1135 lyricam
1296 1072 1518 1129 retinuit,
1559 1069 1774 1117 carmina

94 1163 253 1223 chori,
291 1177 413 1224 quae
442 1167 490 1209 et
515 1165 853 1222 argumentum
881 1160 1109 1221 lyricum,
1151 1158 1473 1219 cogitationes
1501 1167 1773 1216 sensusque

45 1252 144 1296 ····et
168 1248 372 1294 formam
399 1247 624 1307 lyricam,
654 1249 858 1292 metrum
886 1249 1018 1291 motu
1048 1243 1179 1290 vario
1209 1242 1472 1290 cantationi
1501 1239 1775 1289 saltatIOni-

101 1346 193 1393 que
233 1331 460 1380 idoneum
506 1330 749 1377 exhibent.
809 1328 904 1377 Sed
945 1344 1002 1376 ne
1042 1328 1288 1376 orationes
1328 1327 1522 1389 quidem
1559 1331 1775 1374 actorum

102 1416 502 1478 singulorumque
529 1415 892 1471 choreutarum,
928 1428 1052 1475 quae
1090 1414 1330 1461 actionem
1358 1414 1608 1461 continent
1632 1412 1779 1474 plane

104 1506 268 1550 carent
312 1500 534 1564 partibus
578 1499 758 1562 lyricis.
836 1498 959 1547 Nam
1006 1500 1290 1562 plerumque
1336 1498 1528 1561 quidem
1574 1502 1782 1545 metrum

105 1588 166 1635 ob
202 1586 436 1634 maiorem
470 1585 745 1633 libertatem
783 1590 831 1633 et
866 1585 1231 1647 simplicitatem
1266 1585 1445 1632 actioni
1472 1584 1781 1647 aptissimum

104 1671 310 1733 ideoque
337 1671 397 1719 ab
420 1670 685 1718 Aristotele
706 1671 764 1718 A.
788 1671 840 1718 P.
864 1671 1043 1730 XXIV,
1069 1674 1128 1718 10
1155 1666 1425 1737 πρακτικὸν
1447 1675 1674 1718 vocatum
1700 1669 1783 1715 tri-

106 1763 369 1804 metrorum
406 1756 724 1804 iambicorum
764 1761 983 1815 servant,
1031 1771 1234 1818 quorum
1268 1757 1317 1803 in
1354 1756 1513 1804 locum
1548 1770 1784 1804 nonnum-

107 1856 250 1904 quam
279 1841 526 1889 citatiores
553 1842 822 1889 tetrametri
847 1842 1080 1890 trochaici
1107 1842 1397 1899 succedunt3
1434 1841 1677 1889 interdum
1714 1845 1787 1887 ta-

109 1941 221 1974 men
255 1926 587 1974 admiscentur
621 1942 744 1988 quae
773 1927 976 1990 propius
1004 1926 1065 1974 ad
1093 1927 1308 1975 carmina
1332 1927 1571 1975 accedunt
1599 1926 1675 1974 vel
1701 1939 1787 1988 po-

108 2012 206 2060 tius
233 2011 446 2060 medium
473 2012 717 2074 quendam
755 2013 880 2059 inter
904 2012 991 2059 illa
1017 2016 1064 2060 et
1090 2012 1337 2061 orationes
1365 2013 1524 2060 locum
1552 2011 1789 2065 obtinent,

112 2101 381 2158 systemata
417 2097 756 2160 anapaestica3
792 2097 907 2159 quin
936 2097 1080 2145 etiam
1109 2096 1186 2145 vel
1213 2098 1348 2146 chori
1375 2097 1565 2145 cantica
1589 2095 1792 2143 minoris

111 2180 323 2229 ambitus
350 2187 732 2244 argumentoque
758 2182 953 2230 fabulae
981 2183 1188 2246 propius
1209 2184 1440 2231 adiuncta
1458 2183 1796 2232 intericiunt-ur

114 2266 191 2313 vel
216 2265 507 2314 histrionum
534 2270 701 2330 partes
728 2267 790 2314 ad
817 2267 956 2330 ipsos
985 2269 1250 2316 carminum
1279 2268 1482 2332 spiritus
1504 2270 1793 2330 assurgunt3

117 2366 240 2414 quae
279 2351 495 2399 carmina
529 2352 634 2400 sive
670 2352 804 2400 chori
839 2353 942 2401 sive
978 2362 1195 2401 actorum
1230 2354 1472 2402 interdum
1510 2355 1656 2403 etiam
1689 2369 1798 2402 cum

118 2437 426 2486 sermonibus
454 2437 812 2486 carminibusve
839 2439 1040 2488 alterius
1069 2439 1224 2502 partis
1250 2440 1578 2503 implicantur.

136 2521 141 2524 ’
224 2523 402 2571 Verum
437 2528 631 2587 praeter
667 2524 828 2572 varios
864 2525 1070 2585 gradus,
1106 2524 1285 2587 quibus
1321 2527 1473 2577 oratio
1509 2526 1716 2575 diverbii
1750 2527 1800 2573 in

121 2608 336 2656 carmina
354 2609 546 2669 transit,
574 2608 868 2671 aliquotiens
891 2610 967 2658 vel
989 2610 1035 2657 in
1058 2611 1180 2672 ipsis
1205 2609 1514 2661 sermonibus
1534 2612 1800 2660 similitudo

122 2692 362 2753 quaedam
390 2694 556 2756 poesis
584 2693 765 2755 lyricae
792 2710 1030 2757 apparere
1059 2695 1270 2744 videtur:
1306 2701 1359 2744 ut
1394 2698 1800 2759 quemadmodum

124 2778 338 2824 carmina
373 2778 558 2826 eisdem
592 2784 856 2827 metrorum
891 2780 1059 2828 formis
1097 2782 1457 2831 recurrentibus
1495 2783 1544 2831 in
1571 2783 1803 2846 strophas

122 2860 251 2909 inter
288 2877 340 2910 se
377 2862 633 2925 oppositas
670 2864 974 2921 dividantur,
1014 2863 1083 2912 ita
1114 2870 1290 2929 partes
1327 2863 1581 2916 iambicae
1619 2874 1664 2916 et
1701 2874 1805 2915 tro-

127 2942 338 2995 chaicae
377 2953 532 3012 atque
567 2953 840 3012 systemata
886 2949 1223 3016 anapaestz'ca
1267 2966 1327 2999 ea:
1367 2951 1597 3017 periodis
1642 2968 1806 3018 aequo

125 3046 338 3079 numero
371 3047 613 3079 versuum
649 3030 1020 3098 comprehensis
1057 3042 1301 3095 conatent,
1343 3052 1467 3100 quae
1503 3038 1627 3086 inter
1654 3053 1706 3086 se
1732 3053 1806 3087 re-

130 3116 419 3177 spondeant.
479 3116 665 3178 Quibus
702 3133 816 3167 vero
852 3119 1030 3168 finibus
1065 3120 1187 3169 haec
1224 3122 1548 3184 aequabilitas
1577 3137 1630 3171 se
1657 3124 1807 3171 conti·

133 3206 260 3260 neat,
287 3202 566 3264 ambigitur,
601 3205 653 3250 ut
679 3217 857 3266 operae
884 3205 1095 3268 pretium
1124 3221 1234 3255 esse
1264 3207 1498 3266 videatur,
1529 3207 1811 3270 diligentius

1455 3286 1472 3326 l
