<?xml version="1.0" encoding="UTF-8"?>
<!DOCTYPE html PUBLIC "-//W3C//DTD XHTML 1.0 Transitional//EN"
    "http://www.w3.org/TR/xhtml1/DTD/xhtml1-transitional.dtd">
<html xmlns="http://www.w3.org/1999/xhtml" xml:lang="en" lang="en">
 <head>
  <title>
</title>
<meta http-equiv="Content-Type" content="text/html;charset=utf-8" />
  <meta name='ocr-system' content='tesseract 3.04.00' />
  <meta name='ocr-capabilities' content='ocr_page ocr_carea ocr_par ocr_line ocrx_word'/>
</head>
<body>
  <div class='ocr_page' id='page_1' title='image "./deresponsionibus00martuoft_0040.png"; bbox 0 0 2055 3589; ppageno 0'>
   <div class='ocr_carea' id='block_1_1' title="bbox 1093 258 1160 309">
    <p class='ocr_par' dir='ltr' id='par_1_1' title="bbox 1093 258 1160 309">
     <span class='ocr_line' id='line_1_1' title="bbox 1093 258 1160 309; baseline -0.015 0"><span class='ocrx_word' id='word_1_1' title='bbox 1093 258 1160 309; x_wconf 83' lang='lat'>32</span> 
     </span>
    </p>
   </div>
   <div class='ocr_carea' id='block_1_2' title="bbox 958 326 1298 336">
    <p class='ocr_par' dir='ltr' id='par_1_2' title="bbox 958 326 1298 336">
     <span class='ocr_line' id='line_1_2' title="bbox 958 326 1298 336; baseline 0 3253"><span class='ocrx_word' id='word_1_2' title='bbox 958 326 1298 336; x_wconf 95' lang='lat' dir='ltr'> </span> 
     </span>
    </p>
   </div>
   <div class='ocr_carea' id='block_1_3' title="bbox 1970 0 2051 3589">
    <p class='ocr_par' dir='ltr' id='par_1_3' title="bbox 1970 0 2051 3589">
     <span class='ocr_line' id='line_1_3' title="bbox 1970 0 2006 478; baseline 0 3111"><span class='ocrx_word' id='word_1_3' title='bbox 1970 0 2006 478; x_wconf 95' lang='lat' dir='ltr'> </span> 
     </span>
     <span class='ocr_line' id='line_1_4' title="bbox 1995 2395 2017 3012; baseline 0 0"><span class='ocrx_word' id='word_1_4' title='bbox 1995 2395 2017 3012; x_wconf 95' lang='lat' dir='ltr'>  </span> 
     </span>
     <span class='ocr_line' id='line_1_5' title="bbox 2000 3236 2051 3589; baseline 0 0"><span class='ocrx_word' id='word_1_5' title='bbox 2000 3236 2051 3589; x_wconf 95' lang='lat' dir='ltr'> </span> 
     </span>
    </p>
   </div>
   <div class='ocr_carea' id='block_1_4' title="bbox 281 511 2055 2774">
    <p class='ocr_par' dir='ltr' id='par_1_4' title="bbox 281 511 2055 2100">
     <span class='ocr_line' id='line_1_6' title="bbox 286 511 2055 577; baseline -0.002 -11"><span class='ocrx_word' id='word_1_6' title='bbox 286 519 471 566; x_wconf 88' lang='lat' dir='ltr'>minore</span> <span class='ocrx_word' id='word_1_7' title='bbox 517 515 780 573; x_wconf 85' lang='lat' dir='ltr'>clauditur,</span> <span class='ocrx_word' id='word_1_8' title='bbox 827 530 922 577; x_wconf 91' lang='lat' dir='ltr'>qua</span> <span class='ocrx_word' id='word_1_9' title='bbox 963 514 1152 562; x_wconf 87' lang='lat' dir='ltr'>ratione</span> <span class='ocrx_word' id='word_1_10' title='bbox 1197 511 1473 575; x_wconf 90' lang='lat' dir='ltr'>Sophocles</span> <span class='ocrx_word' id='word_1_11' title='bbox 1517 512 1591 562; x_wconf 90' lang='lat' dir='ltr'>El.</span> <span class='ocrx_word' id='word_1_12' title='bbox 1629 515 1725 562; x_wconf 88' lang='grc'>891</span> <span class='ocrx_word' id='word_1_13' title='bbox 1775 514 1978 577; x_wconf 81' lang='lat' dir='ltr'>egregie</span> <span class='ocrx_word' id='word_1_14' title='bbox 2015 515 2055 553; x_wconf 72' lang='lat'>0⁰¹¹</span> 
     </span>
     <span class='ocr_line' id='line_1_7' title="bbox 285 596 2049 662; baseline -0.001 -13"><span class='ocrx_word' id='word_1_15' title='bbox 285 602 526 649; x_wconf 85' lang='lat' dir='ltr'>Electram</span> <span class='ocrx_word' id='word_1_16' title='bbox 565 599 848 662; x_wconf 82' lang='lat' dir='ltr'>praecidere</span> <span class='ocrx_word' id='word_1_17' title='bbox 886 598 1003 645; x_wconf 89' lang='lat' dir='ltr'>facit</span> <span class='ocrx_word' id='word_1_18' title='bbox 1041 597 1338 659; x_wconf 86' lang='lat' dir='ltr'>colloquium</span> <span class='ocrx_word' id='word_1_19' title='bbox 1378 612 1486 645; x_wconf 90' lang='lat' dir='ltr'>cnm</span> <span class='ocrx_word' id='word_1_20' title='bbox 1533 611 1703 646; x_wconf 89' lang='lat' dir='ltr'>sorore</span> <span class='ocrx_word' id='word_1_21' title='bbox 1748 598 1976 647; x_wconf 82' lang='lat' dir='ltr'><strong>distichis</strong></span> <span class='ocrx_word' id='word_1_22' title='bbox 2014 596 2049 638; x_wconf 62' lang='grc' dir='ltr'><strong>δῖ</strong></span> 
     </span>
     <span class='ocr_line' id='line_1_8' title="bbox 285 676 2055 746; baseline -0.001 -13"><span class='ocrx_word' id='word_1_23' title='bbox 285 686 573 733; x_wconf 89' lang='lat' dir='ltr'>institutum.</span> <span class='ocrx_word' id='word_1_24' title='bbox 631 683 884 732; x_wconf 86' lang='lat' dir='ltr'>Interdum</span> <span class='ocrx_word' id='word_1_25' title='bbox 922 686 1084 729; x_wconf 89' lang='lat' dir='ltr'>autem</span> <span class='ocrx_word' id='word_1_26' title='bbox 1122 681 1253 729; x_wconf 91' lang='lat' dir='ltr'>idem</span> <span class='ocrx_word' id='word_1_27' title='bbox 1292 682 1449 730; x_wconf 90' lang='lat' dir='ltr'>maior</span> <span class='ocrx_word' id='word_1_28' title='bbox 1482 690 1718 730; x_wconf 79' lang='lat' dir='ltr'>numerus</span> <span class='ocrx_word' id='word_1_29' title='bbox 1754 683 1977 746; x_wconf 90' lang='lat' dir='ltr'>sequitur</span> <span class='ocrx_word' id='word_1_30' title='bbox 2016 676 2055 738; x_wconf 58' lang='lat' dir='ltr'>5OE</span> 
     </span>
     <span class='ocr_line' id='line_1_9' title="bbox 286 765 2055 832; baseline -0.001 -15"><span class='ocrx_word' id='word_1_31' title='bbox 286 770 366 832; x_wconf 91' lang='lat' dir='ltr'>qui</span> <span class='ocrx_word' id='word_1_32' title='bbox 395 769 660 832; x_wconf 82' lang='lat' dir='ltr'>praecedit,</span> <span class='ocrx_word' id='word_1_33' title='bbox 688 768 824 815; x_wconf 87' lang='lat' dir='ltr'>velut</span> <span class='ocrx_word' id='word_1_34' title='bbox 849 767 1074 815; x_wconf 91' lang='lat' dir='ltr'>binorum</span> <span class='ocrx_word' id='word_1_35' title='bbox 1102 780 1333 814; x_wconf 89' lang='lat' dir='ltr'>versuum</span> <span class='ocrx_word' id='word_1_36' title='bbox 1354 765 1530 830; x_wconf 88' lang='lat' dir='ltr'>Suppl.</span> <span class='ocrx_word' id='word_1_37' title='bbox 1549 769 1649 815; x_wconf 88' lang='lat'>318</span> <span class='ocrx_word' id='word_1_38' title='bbox 1678 771 1728 815; x_wconf 91' lang='lat' dir='ltr'>et</span> <span class='ocrx_word' id='word_1_39' title='bbox 1751 766 1979 817; x_wconf 80' lang='lat' dir='ltr'><strong>distichis</strong></span> <span class='ocrx_word' id='word_1_40' title='bbox 2018 773 2055 828; x_wconf 67' lang='lat'>&#39;12⁴¹</span> 
     </span>
     <span class='ocr_line' id='line_1_10' title="bbox 284 845 2055 917; baseline -0.001 -15"><span class='ocrx_word' id='word_1_41' title='bbox 284 855 411 902; x_wconf 90' lang='lat' dir='ltr'>inter</span> <span class='ocrx_word' id='word_1_42' title='bbox 437 867 676 917; x_wconf 84' lang='lat' dir='ltr'>personas</span> <span class='ocrx_word' id='word_1_43' title='bbox 706 852 1043 914; x_wconf 86' lang='lat' dir='ltr'>colloquentes</span> <span class='ocrx_word' id='word_1_44' title='bbox 1069 850 1347 899; x_wconf 83' lang='lat' dir='ltr'>distributis</span> <span class='ocrx_word' id='word_1_45' title='bbox 1374 852 1548 913; x_wconf 85' lang='lat' dir='ltr'>Agam.</span> <span class='ocrx_word' id='word_1_46' title='bbox 1573 853 1722 900; x_wconf 84' lang='lat'>1634.</span> <span class='ocrx_word' id='word_1_47' title='bbox 1756 850 1979 915; x_wconf 87' lang='lat' dir='ltr'>Choeph.</span> <span class='ocrx_word' id='word_1_48' title='bbox 2025 845 2055 894; x_wconf 62' lang='lat'>1⁰</span> 
     </span>
     <span class='ocr_line' id='line_1_11' title="bbox 291 935 1951 1000; baseline -0.001 -15"><span class='ocrx_word' id='word_1_49' title='bbox 291 939 413 996; x_wconf 80' lang='lat'>1593</span> <span class='ocrx_word' id='word_1_50' title='bbox 448 942 550 985; x_wconf 87' lang='lat' dir='ltr'>tum</span> <span class='ocrx_word' id='word_1_51' title='bbox 577 941 923 999; x_wconf 90' lang='lat' dir='ltr'>quaternorum</span> <span class='ocrx_word' id='word_1_52' title='bbox 949 935 1112 984; x_wconf 92' lang='lat' dir='ltr'>Prom.</span> <span class='ocrx_word' id='word_1_53' title='bbox 1142 937 1259 983; x_wconf 85' lang='lat'>513.</span> <span class='ocrx_word' id='word_1_54' title='bbox 1310 936 1388 984; x_wconf 91' lang='lat' dir='ltr'>An</span> <span class='ocrx_word' id='word_1_55' title='bbox 1415 951 1532 984; x_wconf 75' lang='lat' dir='ltr'>vero</span> <span class='ocrx_word' id='word_1_56' title='bbox 1558 936 1608 984; x_wconf 91' lang='lat' dir='ltr'>in</span> <span class='ocrx_word' id='word_1_57' title='bbox 1633 936 1712 984; x_wconf 91' lang='lat' dir='ltr'>his</span> <span class='ocrx_word' id='word_1_58' title='bbox 1740 936 1951 1000; x_wconf 83' lang='lat' dir='ltr'>exempli</span> 
     </span>
     <span class='ocr_line' id='line_1_12' title="bbox 286 1020 2055 1083; baseline 0 -14"><span class='ocrx_word' id='word_1_59' title='bbox 286 1022 543 1070; x_wconf 89' lang='lat' dir='ltr'>consilium</span> <span class='ocrx_word' id='word_1_60' title='bbox 570 1020 1145 1083; x_wconf 85' lang='lat' dir='ltr'>poetaeagnoscendum</span> <span class='ocrx_word' id='word_1_61' title='bbox 1172 1020 1261 1080; x_wconf 73' lang='lat' dir='ltr'>sit,</span> <span class='ocrx_word' id='word_1_62' title='bbox 1290 1020 1435 1068; x_wconf 82' lang='lat' dir='ltr'>valde</span> <span class='ocrx_word' id='word_1_63' title='bbox 1463 1020 1659 1080; x_wconf 84' lang='lat' dir='ltr'>dubito,</span> <span class='ocrx_word' id='word_1_64' title='bbox 1695 1035 1804 1069; x_wconf 90' lang='lat' dir='ltr'>cum</span> <span class='ocrx_word' id='word_1_65' title='bbox 1831 1021 1981 1069; x_wconf 88' lang='lat' dir='ltr'>etiam·</span> <span class='ocrx_word' id='word_1_66' title='bbox 2019 1027 2055 1078; x_wconf 66' lang='lat' dir='ltr'>qm</span> 
     </span>
     <span class='ocr_line' id='line_1_13' title="bbox 284 1099 2055 1168; baseline -0.002 -16"><span class='ocrx_word' id='word_1_67' title='bbox 284 1105 464 1153; x_wconf 72' lang='lat' dir='ltr'>diversi</span> <span class='ocrx_word' id='word_1_68' title='bbox 500 1106 688 1153; x_wconf 88' lang='lat' dir='ltr'>numeri</span> <span class='ocrx_word' id='word_1_69' title='bbox 725 1105 862 1153; x_wconf 90' lang='lat' dir='ltr'>locos</span> <span class='ocrx_word' id='word_1_70' title='bbox 903 1104 1311 1167; x_wconf 81' lang='lat' dir='ltr'>stichomythicos</span> <span class='ocrx_word' id='word_1_71' title='bbox 1351 1105 1547 1167; x_wconf 87' lang='lat' dir='ltr'>cingere</span> <span class='ocrx_word' id='word_1_72' title='bbox 1586 1106 1806 1168; x_wconf 82' lang='lat' dir='ltr'>possint,</span> <span class='ocrx_word' id='word_1_73' title='bbox 1843 1105 1981 1154; x_wconf 83' lang='lat' dir='ltr'>velut</span> <span class='ocrx_word' id='word_1_74' title='bbox 2022 1099 2055 1149; x_wconf 69' lang='lat' dir='ltr'>Re</span> 
     </span>
     <span class='ocr_line' id='line_1_14' title="bbox 283 1186 2055 1253; baseline 0.001 -16"><span class='ocrx_word' id='word_1_75' title='bbox 283 1188 455 1252; x_wconf 86' lang='lat' dir='ltr'>Suppl.</span> <span class='ocrx_word' id='word_1_76' title='bbox 488 1191 604 1237; x_wconf 79' lang='lat'>876.</span> <span class='ocrx_word' id='word_1_77' title='bbox 662 1188 881 1253; x_wconf 86' lang='lat' dir='ltr'>Choeph.</span> <span class='ocrx_word' id='word_1_78' title='bbox 913 1191 1030 1237; x_wconf 87' lang='grc'><strong>517.</strong></span> <span class='ocrx_word' id='word_1_79' title='bbox 1082 1190 1220 1238; x_wconf 88' lang='lat' dir='ltr'>Eum.</span> <span class='ocrx_word' id='word_1_80' title='bbox 1252 1192 1369 1238; x_wconf 84' lang='lat'><strong>575.</strong></span> <span class='ocrx_word' id='word_1_81' title='bbox 1427 1189 1636 1238; x_wconf 90' lang='lat' dir='ltr'>Omnino</span> <span class='ocrx_word' id='word_1_82' title='bbox 1673 1190 1761 1238; x_wconf 86' lang='lat' dir='ltr'>illa</span> <span class='ocrx_word' id='word_1_83' title='bbox 1797 1190 1980 1239; x_wconf 83' lang='lat' dir='ltr'>sticho·</span> <span class='ocrx_word' id='word_1_84' title='bbox 2032 1186 2055 1233; x_wconf 75' lang='lat' dir='ltr'>di</span> 
     </span>
     <span class='ocr_line' id='line_1_15' title="bbox 282 1273 2055 1337; baseline 0.002 -17"><span class='ocrx_word' id='word_1_85' title='bbox 282 1273 497 1335; x_wconf 91' lang='lat' dir='ltr'>mythiae</span> <span class='ocrx_word' id='word_1_86' title='bbox 533 1289 622 1336; x_wconf 89' lang='lat' dir='ltr'>per</span> <span class='ocrx_word' id='word_1_87' title='bbox 657 1274 823 1337; x_wconf 92' lang='lat' dir='ltr'>paullo</span> <span class='ocrx_word' id='word_1_88' title='bbox 859 1274 1095 1322; x_wconf 90' lang='lat' dir='ltr'>maiorem</span> <span class='ocrx_word' id='word_1_89' title='bbox 1131 1290 1385 1324; x_wconf 90' lang='lat' dir='ltr'>numerum</span> <span class='ocrx_word' id='word_1_90' title='bbox 1423 1275 1731 1324; x_wconf 87' lang='lat' dir='ltr'>definiendae</span> <span class='ocrx_word' id='word_1_91' title='bbox 1772 1289 1979 1324; x_wconf 87' lang='lat' dir='ltr'>consue·</span> <span class='ocrx_word' id='word_1_92' title='bbox 2029 1286 2055 1334; x_wconf 65' lang='lat' dir='ltr'>ql</span> 
     </span>
     <span class='ocr_line' id='line_1_16' title="bbox 283 1358 2055 1420; baseline 0.002 -14"><span class='ocrx_word' id='word_1_93' title='bbox 283 1358 399 1407; x_wconf 91' lang='lat' dir='ltr'>tudo</span> <span class='ocrx_word' id='word_1_94' title='bbox 427 1372 526 1406; x_wconf 90' lang='lat' dir='ltr'>non</span> <span class='ocrx_word' id='word_1_95' title='bbox 551 1359 621 1405; x_wconf 86' lang='lat' dir='ltr'>ita</span> <span class='ocrx_word' id='word_1_96' title='bbox 656 1363 942 1407; x_wconf 85' lang='lat' dir='ltr'>constanter</span> <span class='ocrx_word' id='word_1_97' title='bbox 976 1359 1293 1420; x_wconf 77' lang='lat' dir='ltr'>observatur,</span> <span class='ocrx_word' id='word_1_98' title='bbox 1326 1366 1382 1408; x_wconf 89' lang='lat' dir='ltr'>ut</span> <span class='ocrx_word' id='word_1_99' title='bbox 1415 1375 1513 1408; x_wconf 92' lang='lat' dir='ltr'>non</span> <span class='ocrx_word' id='word_1_100' title='bbox 1548 1360 1793 1408; x_wconf 92' lang='lat' dir='ltr'>interdum</span> <span class='ocrx_word' id='word_1_101' title='bbox 1831 1361 1978 1409; x_wconf 85' lang='lat' dir='ltr'>etiam</span> <span class='ocrx_word' id='word_1_102' title='bbox 2020 1370 2055 1418; x_wconf 69' lang='lat' dir='ltr'>qu·</span> 
     </span>
     <span class='ocr_line' id='line_1_17' title="bbox 285 1443 2055 1508; baseline -0.001 -18"><span class='ocrx_word' id='word_1_103' title='bbox 285 1443 637 1505; x_wconf 85' lang='lat' dir='ltr'>st-ichomythia</span> <span class='ocrx_word' id='word_1_104' title='bbox 686 1458 782 1491; x_wconf 92' lang='lat' dir='ltr'>non</span> <span class='ocrx_word' id='word_1_105' title='bbox 834 1444 1092 1491; x_wconf 83' lang='lat' dir='ltr'>immutata</span> <span class='ocrx_word' id='word_1_106' title='bbox 1139 1444 1218 1492; x_wconf 67' lang='lat' dir='ltr'>vel</span> <span class='ocrx_word' id='word_1_107' title='bbox 1270 1445 1548 1508; x_wconf 89' lang='lat' dir='ltr'>episodium</span> <span class='ocrx_word' id='word_1_108' title='bbox 1601 1445 1798 1494; x_wconf 89' lang='lat' dir='ltr'>claudat</span> <span class='ocrx_word' id='word_1_109' title='bbox 1845 1444 1983 1493; x_wconf 87' lang='lat' dir='ltr'>velut</span> <span class='ocrx_word' id='word_1_110' title='bbox 2021 1443 2055 1490; x_wconf 69' lang='lat' dir='ltr'>vit</span> 
     </span>
     <span class='ocr_line' id='line_1_18' title="bbox 284 1527 2055 1593; baseline 0.002 -18"><span class='ocrx_word' id='word_1_111' title='bbox 284 1527 420 1590; x_wconf 88' lang='lat' dir='ltr'>Sept.</span> <span class='ocrx_word' id='word_1_112' title='bbox 452 1529 566 1575; x_wconf 89' lang='lat'>700.</span> <span class='ocrx_word' id='word_1_113' title='bbox 602 1530 750 1587; x_wconf 79' lang='lat'>1038,</span> <span class='ocrx_word' id='word_1_114' title='bbox 787 1528 866 1576; x_wconf 61' lang='lat' dir='ltr'>vel</span> <span class='ocrx_word' id='word_1_115' title='bbox 894 1542 1023 1576; x_wconf 88' lang='lat' dir='ltr'>nova</span> <span class='ocrx_word' id='word_1_116' title='bbox 1048 1534 1187 1590; x_wconf 89' lang='lat' dir='ltr'>parte</span> <span class='ocrx_word' id='word_1_117' title='bbox 1216 1530 1448 1591; x_wconf 91' lang='lat' dir='ltr'>colloquii</span> <span class='ocrx_word' id='word_1_118' title='bbox 1481 1531 1774 1593; x_wconf 81' lang='lat' dir='ltr'>excipiatur,</span> <span class='ocrx_word' id='word_1_119' title='bbox 1810 1544 1979 1592; x_wconf 89' lang='lat' dir='ltr'>quem·</span> <span class='ocrx_word' id='word_1_120' title='bbox 2025 1541 2055 1590; x_wconf 72' lang='lat' dir='ltr'>qu</span> 
     </span>
     <span class='ocr_line' id='line_1_19' title="bbox 285 1611 2055 1679; baseline 0.002 -20"><span class='ocrx_word' id='word_1_121' title='bbox 285 1611 547 1660; x_wconf 91' lang='lat' dir='ltr'>admodum</span> <span class='ocrx_word' id='word_1_122' title='bbox 590 1611 796 1660; x_wconf 91' lang='lat' dir='ltr'>duorum</span> <span class='ocrx_word' id='word_1_123' title='bbox 835 1613 1039 1660; x_wconf 85' lang='lat' dir='ltr'>fratrum</span> <span class='ocrx_word' id='word_1_124' title='bbox 1080 1614 1328 1662; x_wconf 88' lang='lat' dir='ltr'>orationes</span> <span class='ocrx_word' id='word_1_125' title='bbox 1366 1615 1494 1662; x_wconf 89' lang='lat' dir='ltr'>inter</span> <span class='ocrx_word' id='word_1_126' title='bbox 1531 1630 1585 1663; x_wconf 90' lang='lat' dir='ltr'>se</span> <span class='ocrx_word' id='word_1_127' title='bbox 1619 1619 1856 1678; x_wconf 86' lang='lat' dir='ltr'>aequatas</span> <span class='ocrx_word' id='word_1_128' title='bbox 1890 1629 1989 1679; x_wconf 90' lang='lat' dir='ltr'>per.</span> <span class='ocrx_word' id='word_1_129' title='bbox 2029 1629 2055 1662; x_wconf 78' lang='lat' dir='ltr'>n</span> 
     </span>
     <span class='ocr_line' id='line_1_20' title="bbox 283 1697 2055 1761; baseline 0.002 -17"><span class='ocrx_word' id='word_1_130' title='bbox 283 1697 482 1745; x_wconf 90' lang='lat' dir='ltr'>chorum</span> <span class='ocrx_word' id='word_1_131' title='bbox 509 1697 738 1759; x_wconf 85' lang='lat' dir='ltr'>abrumpi</span> <span class='ocrx_word' id='word_1_132' title='bbox 763 1697 976 1746; x_wconf 72' lang='lat' dir='ltr'>vidimus</span> <span class='ocrx_word' id='word_1_133' title='bbox 1004 1697 1229 1761; x_wconf 88' lang='lat' dir='ltr'>Choeph.</span> <span class='ocrx_word' id='word_1_134' title='bbox 1261 1700 1376 1746; x_wconf 80' lang='grc'>261.</span> <span class='ocrx_word' id='word_1_135' title='bbox 1407 1700 1533 1758; x_wconf 84' lang='grc'>505,</span> <span class='ocrx_word' id='word_1_136' title='bbox 1570 1700 1648 1748; x_wconf 89' lang='lat' dir='ltr'>vel</span> <span class='ocrx_word' id='word_1_137' title='bbox 1675 1704 1847 1749; x_wconf 86' lang='lat' dir='ltr'>contra</span> <span class='ocrx_word' id='word_1_138' title='bbox 1870 1716 1974 1749; x_wconf 89' lang='lat' dir='ltr'>ma·</span> <span class='ocrx_word' id='word_1_139' title='bbox 2032 1699 2055 1747; x_wconf 63' lang='lat' dir='ltr'>li</span> 
     </span>
     <span class='ocr_line' id='line_1_21' title="bbox 281 1781 1974 1846; baseline 0.003 -17"><span class='ocrx_word' id='word_1_140' title='bbox 281 1781 412 1830; x_wconf 90' lang='lat' dir='ltr'>iores</span> <span class='ocrx_word' id='word_1_141' title='bbox 448 1782 694 1829; x_wconf 89' lang='lat' dir='ltr'>orationes</span> <span class='ocrx_word' id='word_1_142' title='bbox 730 1782 1080 1844; x_wconf 85' lang='lat' dir='ltr'>insequantur,</span> <span class='ocrx_word' id='word_1_143' title='bbox 1119 1797 1324 1845; x_wconf 88' lang='lat' dir='ltr'>quarum</span> <span class='ocrx_word' id='word_1_144' title='bbox 1361 1784 1506 1846; x_wconf 83' lang='lat' dir='ltr'>primi</span> <span class='ocrx_word' id='word_1_145' title='bbox 1533 1799 1707 1833; x_wconf 89' lang='lat' dir='ltr'>versus</span> <span class='ocrx_word' id='word_1_146' title='bbox 1733 1799 1974 1834; x_wconf 86' lang='lat' dir='ltr'>nonnum-</span> 
     </span>
     <span class='ocr_line' id='line_1_22' title="bbox 283 1868 2055 1931; baseline 0.004 -19"><span class='ocrx_word' id='word_1_147' title='bbox 283 1880 427 1928; x_wconf 91' lang='lat' dir='ltr'>quam</span> <span class='ocrx_word' id='word_1_148' title='bbox 462 1872 750 1928; x_wconf 85' lang='lat' dir='ltr'>argumento</span> <span class='ocrx_word' id='word_1_149' title='bbox 789 1872 888 1914; x_wconf 88' lang='lat' dir='ltr'>tam</span> <span class='ocrx_word' id='word_1_150' title='bbox 925 1872 1058 1915; x_wconf 89' lang='lat' dir='ltr'>arcte</span> <span class='ocrx_word' id='word_1_151' title='bbox 1088 1882 1194 1915; x_wconf 91' lang='lat' dir='ltr'>cum</span> <span class='ocrx_word' id='word_1_152' title='bbox 1225 1868 1638 1931; x_wconf 86' lang='lat' dir='ltr'>praecedentibus</span> <span class='ocrx_word' id='word_1_153' title='bbox 1665 1869 1975 1930; x_wconf 84' lang='lat' dir='ltr'>cohaereant,</span> <span class='ocrx_word' id='word_1_154' title='bbox 2028 1886 2055 1919; x_wconf 78' lang='lat' dir='ltr'>ar</span> 
     </span>
     <span class='ocr_line' id='line_1_23' title="bbox 285 1951 2055 2020; baseline 0.002 -23"><span class='ocrx_word' id='word_1_155' title='bbox 285 1954 335 1997; x_wconf 90' lang='lat' dir='ltr'>ut</span> <span class='ocrx_word' id='word_1_156' title='bbox 370 1965 526 2013; x_wconf 89' lang='lat' dir='ltr'>paene</span> <span class='ocrx_word' id='word_1_157' title='bbox 563 1951 634 1999; x_wconf 90' lang='lat' dir='ltr'>eis</span> <span class='ocrx_word' id='word_1_158' title='bbox 668 1951 1024 2000; x_wconf 89' lang='lat' dir='ltr'>adnumerandi</span> <span class='ocrx_word' id='word_1_159' title='bbox 1060 1967 1171 2001; x_wconf 88' lang='lat' dir='ltr'>esse</span> <span class='ocrx_word' id='word_1_160' title='bbox 1208 1953 1493 2015; x_wconf 78' lang='lat' dir='ltr'>videantur,</span> <span class='ocrx_word' id='word_1_161' title='bbox 1530 1955 1665 2003; x_wconf 81' lang='lat' dir='ltr'>velut</span> <span class='ocrx_word' id='word_1_162' title='bbox 1690 1953 1825 2018; x_wconf 90' lang='lat' dir='ltr'>Sept.</span> <span class='ocrx_word' id='word_1_163' title='bbox 1855 1956 1972 2003; x_wconf 80' lang='lat'>247.</span> <span class='ocrx_word' id='word_1_164' title='bbox 2027 1971 2055 2020; x_wconf 75' lang='lat' dir='ltr'>po</span> 
     </span>
     <span class='ocr_line' id='line_1_24' title="bbox 287 2035 1173 2100; baseline 0.006 -19"><span class='ocrx_word' id='word_1_165' title='bbox 287 2036 400 2083; x_wconf 76' lang='lat'><strong>795.</strong></span> <span class='ocrx_word' id='word_1_166' title='bbox 441 2036 616 2096; x_wconf 86' lang='lat' dir='ltr'>Agam.</span> <span class='ocrx_word' id='word_1_167' title='bbox 648 2037 764 2084; x_wconf 75' lang='lat'><strong>266.</strong></span> <span class='ocrx_word' id='word_1_168' title='bbox 806 2035 1027 2100; x_wconf 89' lang='lat' dir='ltr'>Choeph.</span> <span class='ocrx_word' id='word_1_169' title='bbox 1057 2039 1173 2086; x_wconf 82' lang='lat'>891.</span> 
     </span>
    </p>

    <p class='ocr_par' dir='ltr' id='par_1_5' title="bbox 283 2119 2055 2446">
     <span class='ocr_line' id='line_1_25' title="bbox 388 2119 1975 2186; baseline 0.003 -19"><span class='ocrx_word' id='word_1_170' title='bbox 388 2119 445 2167; x_wconf 95' lang='lat' dir='ltr'>In</span> <span class='ocrx_word' id='word_1_171' title='bbox 482 2120 708 2169; x_wconf 87' lang='lat' dir='ltr'>omnibus</span> <span class='ocrx_word' id='word_1_172' title='bbox 744 2121 894 2182; x_wconf 85' lang='lat' dir='ltr'>igitur</span> <span class='ocrx_word' id='word_1_173' title='bbox 927 2136 1052 2183; x_wconf 92' lang='lat' dir='ltr'>quae</span> <span class='ocrx_word' id='word_1_174' title='bbox 1086 2123 1182 2170; x_wconf 90' lang='lat' dir='ltr'>huc</span> <span class='ocrx_word' id='word_1_175' title='bbox 1217 2139 1372 2186; x_wconf 88' lang='lat' dir='ltr'>usque</span> <span class='ocrx_word' id='word_1_176' title='bbox 1406 2124 1729 2173; x_wconf 90' lang='lat' dir='ltr'>tractavimus</span> <span class='ocrx_word' id='word_1_177' title='bbox 1756 2139 1840 2172; x_wconf 90' lang='lat' dir='ltr'>eas</span> <span class='ocrx_word' id='word_1_178' title='bbox 1867 2128 1975 2172; x_wconf 90' lang='lat' dir='ltr'>tan-</span> 
     </span>
     <span class='ocr_line' id='line_1_26' title="bbox 283 2205 2055 2276; baseline 0.003 -25"><span class='ocrx_word' id='word_1_179' title='bbox 283 2209 384 2250; x_wconf 88' lang='lat' dir='ltr'>tum</span> <span class='ocrx_word' id='word_1_180' title='bbox 430 2205 676 2253; x_wconf 90' lang='lat' dir='ltr'>orationes</span> <span class='ocrx_word' id='word_1_181' title='bbox 715 2210 954 2268; x_wconf 89' lang='lat' dir='ltr'>aequatas</span> <span class='ocrx_word' id='word_1_182' title='bbox 997 2207 1230 2266; x_wconf 75' lang='lat' dir='ltr'>vidimus,</span> <span class='ocrx_word' id='word_1_183' title='bbox 1277 2223 1402 2270; x_wconf 90' lang='lat' dir='ltr'>quae</span> <span class='ocrx_word' id='word_1_184' title='bbox 1440 2209 1575 2257; x_wconf 84' lang='lat' dir='ltr'>iuxta</span> <span class='ocrx_word' id='word_1_185' title='bbox 1612 2209 1806 2272; x_wconf 86' lang='lat' dir='ltr'>positae</span> <span class='ocrx_word' id='word_1_186' title='bbox 1843 2208 1993 2257; x_wconf 32' lang='lat' dir='ltr'>facili&lt;</span> <span class='ocrx_word' id='word_1_187' title='bbox 2039 2230 2055 2276; x_wconf 63' lang='grc' dir='ltr'>Α</span> 
     </span>
     <span class='ocr_line' id='line_1_27' title="bbox 283 2289 2055 2360; baseline 0.004 -25"><span class='ocrx_word' id='word_1_188' title='bbox 283 2304 434 2351; x_wconf 85' lang='lat' dir='ltr'>opera</span> <span class='ocrx_word' id='word_1_189' title='bbox 459 2289 586 2337; x_wconf 86' lang='lat' dir='ltr'>inter</span> <span class='ocrx_word' id='word_1_190' title='bbox 612 2304 665 2338; x_wconf 92' lang='lat' dir='ltr'>se</span> <span class='ocrx_word' id='word_1_191' title='bbox 687 2291 961 2353; x_wconf 89' lang='lat' dir='ltr'>comparari</span> <span class='ocrx_word' id='word_1_192' title='bbox 984 2296 1236 2354; x_wconf 86' lang='lat' dir='ltr'>poterant3</span> <span class='ocrx_word' id='word_1_193' title='bbox 1263 2293 1360 2340; x_wconf 90' lang='lat' dir='ltr'>iam</span> <span class='ocrx_word' id='word_1_194' title='bbox 1382 2294 1443 2341; x_wconf 93' lang='lat' dir='ltr'>ad</span> <span class='ocrx_word' id='word_1_195' title='bbox 1464 2294 1975 2353; x_wconf 80' lang='lat' dir='ltr'>locumtranseamus,</span> <span class='ocrx_word' id='word_1_196' title='bbox 2033 2329 2055 2360; x_wconf 61' lang='grc' dir='ltr'>Π</span> 
     </span>
     <span class='ocr_line' id='line_1_28' title="bbox 283 2373 2052 2446; baseline 0.006 -27"><span class='ocrx_word' id='word_1_197' title='bbox 283 2373 329 2418; x_wconf 94' lang='lat' dir='ltr'>in</span> <span class='ocrx_word' id='word_1_198' title='bbox 359 2387 452 2435; x_wconf 92' lang='lat' dir='ltr'>quo</span> <span class='ocrx_word' id='word_1_199' title='bbox 480 2374 623 2435; x_wconf 86' lang='lat' dir='ltr'>longe</span> <span class='ocrx_word' id='word_1_200' title='bbox 650 2374 961 2423; x_wconf 90' lang='lat' dir='ltr'>artificiosior</span> <span class='ocrx_word' id='word_1_201' title='bbox 988 2376 1108 2424; x_wconf 89' lang='lat' dir='ltr'>ordo</span> <span class='ocrx_word' id='word_1_202' title='bbox 1138 2382 1302 2425; x_wconf 82' lang='lat' dir='ltr'>extare</span> <span class='ocrx_word' id='word_1_203' title='bbox 1330 2379 1466 2426; x_wconf 85' lang='lat' dir='ltr'>visus</span> <span class='ocrx_word' id='word_1_204' title='bbox 1494 2384 1584 2427; x_wconf 89' lang='lat' dir='ltr'>est.</span> <span class='ocrx_word' id='word_1_205' title='bbox 2031 2426 2052 2446; x_wconf 44' lang='lat' dir='ltr'>h</span> 
     </span>
    </p>

    <p class='ocr_par' dir='ltr' id='par_1_6' title="bbox 285 2457 2055 2774">
     <span class='ocr_line' id='line_1_29' title="bbox 388 2457 2055 2534; baseline 0.004 -30"><span class='ocrx_word' id='word_1_206' title='bbox 388 2457 697 2506; x_wconf 89' lang='lat' dir='ltr'>Hermannus</span> <span class='ocrx_word' id='word_1_207' title='bbox 743 2459 871 2507; x_wconf 88' lang='lat' dir='ltr'>enim</span> <span class='ocrx_word' id='word_1_208' title='bbox 916 2460 1223 2510; x_wconf 85' lang='lat' dir='ltr'>altercationi</span> <span class='ocrx_word' id='word_1_209' title='bbox 1270 2462 1403 2510; x_wconf 90' lang='lat' dir='ltr'>chori</span> <span class='ocrx_word' id='word_1_210' title='bbox 1446 2468 1493 2510; x_wconf 89' lang='lat' dir='ltr'>et</span> <span class='ocrx_word' id='word_1_211' title='bbox 1531 2463 1760 2525; x_wconf 84' lang='lat' dir='ltr'>Aegisthi</span> <span class='ocrx_word' id='word_1_212' title='bbox 1797 2464 1974 2525; x_wconf 85' lang='lat' dir='ltr'>Agam.</span> <span class='ocrx_word' id='word_1_213' title='bbox 2031 2483 2055 2534; x_wconf 42' lang='grc' dir='ltr'>ς.</span> 
     </span>
     <span class='ocr_line' id='line_1_30' title="bbox 291 2542 2055 2619; baseline 0.005 -32"><span class='ocrx_word' id='word_1_214' title='bbox 291 2542 655 2601; x_wconf 77' lang='grc'>1580-1618,</span> <span class='ocrx_word' id='word_1_215' title='bbox 690 2543 881 2593; x_wconf 87' lang='lat' dir='ltr'>duabus</span> <span class='ocrx_word' id='word_1_216' title='bbox 917 2545 1106 2594; x_wconf 89' lang='lat' dir='ltr'>lacunis</span> <span class='ocrx_word' id='word_1_217' title='bbox 1142 2561 1221 2594; x_wconf 76' lang='lat' dir='ltr'>vv.</span> <span class='ocrx_word' id='word_1_218' title='bbox 1255 2549 1382 2595; x_wconf 80' lang='lat'>1583</span> <span class='ocrx_word' id='word_1_219' title='bbox 1421 2553 1470 2595; x_wconf 91' lang='lat' dir='ltr'>et</span> <span class='ocrx_word' id='word_1_220' title='bbox 1503 2549 1630 2596; x_wconf 82' lang='lat'>1607</span> <span class='ocrx_word' id='word_1_221' title='bbox 1669 2549 1732 2596; x_wconf 94' lang='lat' dir='ltr'>ob</span> <span class='ocrx_word' id='word_1_222' title='bbox 1765 2562 1975 2609; x_wconf 84' lang='lat' dir='ltr'>pravum</span> <span class='ocrx_word' id='word_1_223' title='bbox 2029 2569 2055 2619; x_wconf 51' lang='lat' dir='ltr'>fa¹</span> 
     </span>
     <span class='ocr_line' id='line_1_31' title="bbox 285 2627 1976 2680; baseline 0.004 -8"><span class='ocrx_word' id='word_1_224' title='bbox 285 2627 633 2674; x_wconf 89' lang='lat' dir='ltr'>sententiarum</span> <span class='ocrx_word' id='word_1_225' title='bbox 681 2643 859 2676; x_wconf 85' lang='lat' dir='ltr'>nexum</span> <span class='ocrx_word' id='word_1_226' title='bbox 905 2629 1135 2678; x_wconf 89' lang='lat' dir='ltr'>iudicatis</span> <span class='ocrx_word' id='word_1_227' title='bbox 1181 2631 1309 2679; x_wconf 89' lang='lat' dir='ltr'>hanc</span> <span class='ocrx_word' id='word_1_228' title='bbox 1356 2629 1671 2680; x_wconf 72' lang='lat' dir='ltr'>mesodicam</span> <span class='ocrx_word' id='word_1_229' title='bbox 1719 2631 1976 2680; x_wconf 75' lang='lat' dir='ltr'>rationem</span> 
     </span>
     <span class='ocr_line' id='line_1_32' title="bbox 287 2708 1442 2774; baseline 0.005 -17"><span class='ocrx_word' id='word_1_230' title='bbox 287 2724 400 2757; x_wconf 79' lang='lat' dir='ltr'>cum</span> <span class='ocrx_word' id='word_1_231' title='bbox 432 2708 738 2774; x_wconf 77' lang='lat' dir='ltr'>palz&#39;nodiea</span> <span class='ocrx_word' id='word_1_232' title='bbox 780 2713 1110 2762; x_wconf 75' lang='lat' dir='ltr'>coniunctam</span> <span class='ocrx_word' id='word_1_233' title='bbox 1149 2715 1442 2764; x_wconf 74' lang='lat' dir='ltr'>vindicavit:</span> 
     </span>
    </p>
   </div>
   <div class='ocr_carea' id='block_1_5' title="bbox 285 3048 2055 3373">
    <p class='ocr_par' dir='ltr' id='par_1_7' title="bbox 285 3048 2055 3373">
     <span class='ocr_line' id='line_1_33' title="bbox 285 3048 2055 3120; baseline 0.007 -25"><span class='ocrx_word' id='word_1_234' title='bbox 285 3048 348 3095; x_wconf 80' lang='lat' dir='ltr'>At</span> <span class='ocrx_word' id='word_1_235' title='bbox 383 3064 471 3096; x_wconf 89' lang='lat' dir='ltr'>nec</span> <span class='ocrx_word' id='word_1_236' title='bbox 509 3053 779 3100; x_wconf 85' lang='lat' dir='ltr'>sententiae</span> <span class='ocrx_word' id='word_1_237' title='bbox 815 3053 1008 3101; x_wconf 91' lang='lat' dir='ltr'>illarum</span> <span class='ocrx_word' id='word_1_238' title='bbox 1047 3053 1316 3103; x_wconf 90' lang='lat' dir='ltr'>orationem</span> <span class='ocrx_word' id='word_1_239' title='bbox 1353 3072 1443 3105; x_wconf 88' lang='lat' dir='ltr'>nec</span> <span class='ocrx_word' id='word_1_240' title='bbox 1478 3062 1646 3120; x_wconf 89' lang='lat' dir='ltr'>partes</span> <span class='ocrx_word' id='word_1_241' title='bbox 1687 3057 1786 3105; x_wconf 93' lang='lat' dir='ltr'>ullo</span> <span class='ocrx_word' id='word_1_242' title='bbox 1826 3057 1975 3106; x_wconf 91' lang='lat' dir='ltr'>modo</span> <span class='ocrx_word' id='word_1_243' title='bbox 2039 3082 2055 3115; x_wconf 65' lang='grc' dir='ltr'>ιι</span> 
     </span>
     <span class='ocr_line' id='line_1_34' title="bbox 286 3133 2055 3202; baseline 0.007 -23"><span class='ocrx_word' id='word_1_244' title='bbox 286 3133 409 3180; x_wconf 89' lang='lat' dir='ltr'>inter</span> <span class='ocrx_word' id='word_1_245' title='bbox 444 3148 496 3181; x_wconf 89' lang='lat' dir='ltr'>se</span> <span class='ocrx_word' id='word_1_246' title='bbox 533 3137 791 3196; x_wconf 82' lang='lat' dir='ltr'>oppositae</span> <span class='ocrx_word' id='word_1_247' title='bbox 831 3147 966 3196; x_wconf 85' lang='lat' dir='ltr'>sunt3</span> <span class='ocrx_word' id='word_1_248' title='bbox 1008 3140 1067 3187; x_wconf 92' lang='lat' dir='ltr'>de</span> <span class='ocrx_word' id='word_1_249' title='bbox 1103 3140 1268 3202; x_wconf 81' lang='lat' dir='ltr'>priore</span> <span class='ocrx_word' id='word_1_250' title='bbox 1305 3146 1467 3189; x_wconf 89' lang='lat' dir='ltr'>autem</span> <span class='ocrx_word' id='word_1_251' title='bbox 1507 3141 1684 3189; x_wconf 89' lang='lat' dir='ltr'>lacuna</span> <span class='ocrx_word' id='word_1_252' title='bbox 1719 3143 1818 3190; x_wconf 91' lang='lat' dir='ltr'>iam</span> <span class='ocrx_word' id='word_1_253' title='bbox 1853 3142 1976 3190; x_wconf 80' lang='lat' dir='ltr'>Kar·</span> <span class='ocrx_word' id='word_1_254' title='bbox 2040 3156 2055 3201; x_wconf 66' lang='grc' dir='ltr'><strong>ῃ</strong></span> 
     </span>
     <span class='ocr_line' id='line_1_35' title="bbox 286 3213 1975 3291; baseline 0.007 -29"><span class='ocrx_word' id='word_1_255' title='bbox 286 3217 472 3264; x_wconf 90' lang='lat' dir='ltr'>stenius</span> <span class='ocrx_word' id='word_1_256' title='bbox 502 3219 756 3280; x_wconf 78' lang='lat' dir='ltr'>‘quattuor</span> <span class='ocrx_word' id='word_1_257' title='bbox 782 3223 973 3270; x_wconf 80' lang='lat' dir='ltr'>versus&#39;</span> <span class='ocrx_word' id='word_1_258' title='bbox 1000 3224 1158 3285; x_wconf 89' lang='lat' dir='ltr'>inquit</span> <span class='ocrx_word' id='word_1_259' title='bbox 1184 3222 1573 3274; x_wconf 75' lang='lat'>‘1581—1585:</span> <span class='ocrx_word' id='word_1_260' title='bbox 1605 3222 1663 3272; x_wconf 80' lang='grc' dir='ltr'>σὺ</span> <span class='ocrx_word' id='word_1_261' title='bbox 1691 3213 1732 3272; x_wconf 75' lang='grc' dir='ltr'>δ’</span> <span class='ocrx_word' id='word_1_262' title='bbox 1760 3213 1944 3291; x_wconf 73' lang='grc' dir='ltr'><strong>ἄνδρα.</strong></span> <span class='ocrx_word' id='word_1_263' title='bbox 1964 3263 1975 3273; x_wconf 95' lang='grc'><strong>.</strong></span> 
     </span>
     <span class='ocr_line' id='line_1_36' title="bbox 288 3296 1976 3373; baseline 0.008 -29"><span class='ocrx_word' id='word_1_264' title='bbox 288 3297 342 3344; x_wconf 73' lang='grc' dir='ltr'>οὔ</span> <span class='ocrx_word' id='word_1_265' title='bbox 365 3296 529 3368; x_wconf 61' lang='grc' dir='ltr'>φημ’..</span> <span class='ocrx_word' id='word_1_266' title='bbox 553 3307 601 3350; x_wconf 89' lang='lat' dir='ltr'>et</span> <span class='ocrx_word' id='word_1_267' title='bbox 621 3319 821 3353; x_wconf 89' lang='lat' dir='ltr'>numero</span> <span class='ocrx_word' id='word_1_268' title='bbox 845 3312 891 3352; x_wconf 91' lang='lat' dir='ltr'>et</span> <span class='ocrx_word' id='word_1_269' title='bbox 913 3307 1136 3355; x_wconf 90' lang='lat' dir='ltr'>iunctura</span> <span class='ocrx_word' id='word_1_270' title='bbox 1149 3308 1297 3371; x_wconf 90' lang='lat' dir='ltr'>plane</span> <span class='ocrx_word' id='word_1_271' title='bbox 1314 3310 1611 3357; x_wconf 83' lang='lat' dir='ltr'>conveniunt</span> <span class='ocrx_word' id='word_1_272' title='bbox 1626 3324 1734 3358; x_wconf 88' lang='lat' dir='ltr'>cum</span> <span class='ocrx_word' id='word_1_273' title='bbox 1754 3311 1976 3373; x_wconf 87' lang='lat' dir='ltr'>proximo</span> 
     </span>
    </p>
   </div>
  </div>
 </body>
</html>
