2055 3589
915 100 945 148 7

97 276 170 337 ἰώ,
199 277 277 339 4),
302 277 475 338 Agam.
500 274 772 323 749—776
801 271 935 330 (libri
961 272 1005 328 6,
1036 272 1081 328 3,
1111 271 1156 326 6,
1186 263 1290 324 5112,
1313 269 1359 323 2,
1383 269 1428 324 3,
1456 265 1631 327 quibus
1653 263 1773 312 Her-

98 377 305 412 mannus
332 361 555 422 quamvis
583 357 855 407 concedens
884 354 1176 404 sententiam
1199 367 1417 400 mancam
1445 365 1541 398 non
1567 363 1678 397 esse
1703 355 1774 395 ta-

97 462 209 496 men
242 446 549 510 paroemiaco
588 448 635 491 et
670 444 970 496 monometro
1017 437 1309 500 supplendis
1350 437 1476 484 hanc
1512 433 1779 481 vindicavit

99 531 497 594 aequabilitatem
527 531 572 584 6,
603 531 649 584 3,
679 530 724 575 3.
755 530 809 583 4,
840 527 866 573 2
884 563 896 582 ,
926 519 1037 579 3112,
1066 524 1121 581 2,
1151 518 1285 580 3112);
1324 522 1583 570 abeuntem
1609 532 1777 582 prose-

619 592 705 643 υ
867 592 886 635 'x
1071 589 1091 634 j
1411 620 1415 627 .

101 701 263 764 quitur
289 699 463 762 Suppl.
493 700 783 746 933—948
818 695 897 758 (8,
927 701 953 747 2
971 737 982 758 ,
1011 702 1067 758 33
1107 710 1218 745 nam
1251 691 1428 740 iniuria
1452 689 1781 738 Hermannum

102 787 206 848 regi
233 785 463 833 tribuisse
490 783 672 830 alteros
703 785 749 839 8,
786 798 989 845 quorum
1014 788 1115 831 tres
1143 778 1440 830 excidissent
1463 775 1670 824 Krusius
1697 788 1781 821 no-

102 870 334 918 vissimus
355 867 642 931 Supplicum
670 867 828 916 editor
853 867 1124 931 probavit),
1152 861 1689 928 Agam.1291—1302
1717 854 1783 923 (4,

104 958 151 1013 3,
180 958 227 1016 3,
256 949 323 1017 2),
348 952 444 1000 nisi
468 953 590 1000 haec
617 952 712 1000 duo
739 955 964 1016 exempla
990 953 1154 1016 potius
1178 966 1322 1013 quam
1348 951 1568 996 actorum
1593 945 1784 1007 ingres-

104 1055 212 1088 sum
246 1038 367 1086 fines
404 1037 734 1101 episodiorum
774 1043 969 1097 notant,
1007 1043 1060 1085 ut
1096 1035 1315 1099 Choeph.
1341 1032 1630 1081 705—715
1659 1025 1786 1090 (2112,

107 1120 231 1182 7112),
262 1124 534 1171 841-855
565 1119 693 1183 (3112,
723 1125 769 1181 4,
801 1119 902 1182 3112,
934 1122 1001 1185 3).
1047 1122 1267 1183 Denique
1296 1116 1647 1167 concluduntur
1672 1130 1786 1162 ana-

107 1208 294 1271 paestis
331 1223 360 1254 a
394 1208 539 1255 choro
574 1208 792 1255 recitatis
826 1206 1106 1269 Choephori
1139 1205 1488 1253 1062-—1073
1520 1195 1652 1265 (2112,
1683 1195 1787 1263 7112)

106 1298 155 1341 et
180 1291 379 1354 Septem
405 1290 846 1353 Prometheusque,
883 1292 932 1338 in
966 1291 1142 1352 quibus
1180 1292 1450 1351 systemata
1484 1288 1611 1334 inter
1635 1284 1788 1333 hemi-

107 1377 271 1425 choria
300 1376 375 1424 vel
402 1376 527 1423 inter
554 1376 753 1423 chorum
782 1379 830 1424 et
856 1390 1097 1438 personas
1127 1374 1389 1422 distributa
1415 1377 1543 1431 sunt,
1582 1371 1789 1432 ideoque

106 1462 231 1510 infra
265 1461 521 1508 tractanda
555 1465 710 1508 erunt.
771 1460 954 1510 Contra
997 1460 1245 1508 actoribus
1290 1462 1485 1522 praeter
1525 1459 1792 1519 systemata

110 1546 406 1595 carminibus
432 1546 686 1609 implicata
712 1546 828 1593 data
854 1551 967 1594 sunt
992 1546 1114 1593 haec
1141 1543 1538 1592 advenientibus:
1566 1541 1716 1589 Xerxi
1743 1540 1792 1587 in

108 1631 274 1680 Persis
304 1633 592 1679 886-897
633 1627 734 1691 (ἰώ,
768 1625 930 1693 10112),
968 1645 1091 1692 quos
1126 1633 1290 1677 tamen
1326 1631 1624 1690 anapaestos
1661 1625 1794 1689 apud

110 1717 443 1765 Hermannum
471 1716 649 1763 chorus
678 1715 930 1762 continuat
958 1716 1227 1763 898-901
1256 1709 1398 1777 (3112),
1427 1727 1535 1760 cum
1560 1711 1679 1759 mihi
1706 1725 1793 1774 po-

110 1802 207 1850 tius
235 1801 473 1849 dialectus
499 1804 686 1848 mutata
712 1815 807 1848 non
837 1800 958 1849 satis
988 1782 1165 1848 causae
1193 1814 1303 1848 esse
1330 1798 1568 1854 videatur,
1602 1800 1656 1843 ut
1682 1795 1795 1844 illos

111 1891 410 1950 anapaestos
438 1901 466 1933 a
492 1885 678 1948 proodo
713 1884 1032 1948 anapaestica
1067 1884 1318 1947 sequentis
1355 1882 1531 1930 commi
1568 1881 1795 1942 seiunga-

112 1986 233 2019 mus.
290 1971 412 2018 Tum
436 1971 485 2017 in
512 1970 804 2018 Prometheo
832 1969 1056 2018 Oceanus
1083 1970 1351 2017 adveniens
1376 1969 1469 2016 hos
1498 1969 1796 2029 anapaestos

112 2057 283 2104 recitat
311 2056 583 2104 286—299
613 2051 799 2115 (131s2),
826 2054 881 2102 Io
905 2056 1177 2103 558—562
1208 2053 1305 2116 (5),
1333 2053 1601 2115 eademque
1627 2050 1797 2099 abiens

117 2143 216 2190 880
233 2167 289 2172 —
311 2142 408 2188 888
442 2135 537 2200 (9).

219 2225 322 2272 Iam
351 2219 416 2270 ab
444 2221 620 2271 eadem
641 2239 891 2288 persona,
928 2221 1019 2271 secl
1041 2223 1216 2271 metris
1243 2219 1425 2270 alienis
1453 2218 1665 2269 discreti
1686 2234 1798 2283 pro-

115 2311 397 2359 nuntiantur
422 2310 680 2373 anapaesti
705 2309 985 2358 Promethei
1023 2309 1280 2358 monodiae
1317 2307 1521 2356 immixti
1550 2307 1800 2354 93—100

118 2390 273 2460 (7112),
310 2394 516 2443 subiecti
549 2396 818 2442 120-127
849 2394 937 2457 (8),
975 2395 1034 2442 de
1063 2394 1199 2442 cuius
1228 2397 1491 2441 metrorum
1518 2389 1801 2439 mutationis

119 2480 323 2529 consilio
351 2495 407 2526 ac
432 2479 482 2527 vi
508 2479 627 2527 dixit
653 2479 962 2528 Hermannus
990 2480 1050 2528 ad
1080 2496 1157 2528 vv.
1183 2481 1263 2527 93.
1292 2479 1405 2526 115.

222 2566 279 2614 In
304 2565 382 2612 his
409 2564 558 2625 igitur
584 2564 811 2613 omnibus
833 2565 1046 2613 vidimus
1067 2564 1251 2612 nullam
1278 2562 1675 2625 aequabilitatem
1704 2560 1801 2609 exi-

122 2655 275 2710 stere,
307 2663 398 2697 nec
422 2654 553 2697 recte
580 2650 641 2697 ab
672 2649 943 2697 editoribus
971 2651 1157 2712 aliquot
1182 2649 1317 2697 locos
1344 2641 1663 2710 aequabiliter
1690 2661 1802 2694 con-

121 2736 356 2783 formatos
385 2748 521 2792 esse;
558 2734 769 2782 vidimus
797 2749 855 2782 ne
884 2749 1206 2797 personarum
1233 2733 1426 2796 quidem
1453 2733 1729 2794 ingressum
1755 2731 1803 2778 in

121 2821 283 2870 media
308 2823 685 2882 anapaestorum
714 2833 923 2882 corpora
950 2820 1242 2867 incidentem
1279 2823 1549 2882 systemata
1575 2817 1803 2880 aequabi-

123 2907 234 2955 liter
259 2904 489 2953 divisisse
517 2903 690 2965 Agam.
717 2905 797 2951 82.
829 2903 963 2952 Pers.
993 2907 1103 2953 148.
1133 2904 1266 2968 Sept.
1292 2906 1419 2961 8463
1447 2903 1587 2951 aliter
1609 2916 1723 2950 vero
1751 2916 1805 2950 se

122 2992 306 3040 habent
330 2994 606 3054 systemata
630 3003 974 3052 personarum
998 2986 1197 3038 vicibus
1224 2987 1462 3038 discreta.
1523 2986 1629 3048 Quo
1655 2987 1805 3050 perti-

126 3081 244 3126 nent
280 3075 420 3124 exodi
458 3073 656 3137 Septem
697 3073 872 3121 ducum
913 3077 1260 3124 1039-1065
1301 3070 1415 3142 (φεῦ
1457 3077 1571 3141 φεῦ,
1608 3074 1664 3130 6,
1703 3067 1803 3122 5112.

128 3164 260 3231 ἦμιχ.
301 3159 343 3209 Α
384 3163 438 3218 2,
475 3156 578 3208 4112.
626 3158 670 3211 τ’,
706 3153 743 3204 Β
778 3160 832 3235 2,,
867 3156 986 3222 4112)
1039 3167 1086 3209 et
1128 3160 1404 3209 Promethei
1446 3158 1803 3206 1044—1097

431 3231 813 3308 &dd
