2055 3589
1070 92 1136 144 46

268 273 597 331 immutabilia,
623 276 691 329 ut„
719 270 761 318 si
788 267 916 332 quod
943 266 1144 314 verbum
1170 262 1434 326 praecipue
1460 258 1623 321 urgeri
1643 258 1868 317 velimuS,
1891 257 1944 306 id

266 363 315 409 in
357 360 493 407 initio
538 354 807 405 sententiae
846 351 1110 400 collocetur
1128 387 1139 409 ,
1184 347 1270 395 illa
1311 345 1439 407 legis
1481 344 1628 392 huius
1671 342 1946 392 necessitas

265 444 429 493 docuit
454 448 625 505 poetas
659 440 706 486 in
743 435 1001 501 principiis
1028 447 1258 482 versuum
1294 430 1478 479 formas
1505 429 1765 478 verborum
1800 428 1947 477 etiam

267 529 556 577 reluctantes
589 527 760 587 aptare
796 519 1048 578 numeris’3
1084 518 1266 566 alteras
1292 513 1687 573 HeimsoethiuS,
1728 515 1810 577 qui
1845 527 1947 562 mo·-

266 613 393 674 nuit‚
439 609 735 671 Aeschylum
780 609 1105 669 anapaestum
1151 615 1242 665 pro
1288 599 1452 648 iambo
1498 603 1697 663 praeter
1737 600 1949 663 primam

266 697 430 745 sedem
467 709 561 742 non
596 706 891 756 usurpasse3
935 688 1064 751 quod
1107 691 1238 735 recte
1274 684 1583 742 observavit,
1629 685 1744 746 quia
1775 677 1949 752 Ἀμφι-

266 776 392 847 άρεω
427 779 475 827 in
509 778 654 826 huius
696 774 979 838 tragoediae
1005 789 1051 820 v.
1082 773 1183 820 550
1212 766 1284 835 (in
1311 770 1367 819 V.
1395 768 1601 830 iambo),
1631 755 1950 836 Ἀριόμαρδος

266 865 400 912 Pers,
419 865 518 912 316
539 859 612 925 (in
638 861 719 910 IV.
743 858 901 919 sede),
929 852 1085 913 Ἰόνιος
1103 855 1265 905 Prom.
1284 858 1379 905 841
1406 854 1476 916 (in
1491 854 1577 903 IV.
1599 851 1801 917 iambo),
1824 867 1949 916 quae

265 955 313 997 et
347 950 457 1012 ipsa
502 948 698 995 nomina
731 944 934 1008 propria
967 942 1047 991 vel
1083 957 1113 990 a
1155 941 1436 991 nominibus
1475 940 1693 1004 propriis
1729 939 1952 987 derivata

264 1038 400 1091 sunt,
437 1032 556 1080 satis
592 1029 921 1078 excusationis
959 1028 1145 1076 habent
1175 1042 1206 1074 a
1239 1026 1403 1074 littera
1436 1041 1450 1071 ι
1483 1030 1598 1073 ante
1631 1023 1855 1072 vocalem
1899 1022 1951 1070 in

265 1132 530 1165 consonam
557 1131 724 1174 versa,
759 1119 813 1162 ut
836 1114 1018 1162 factum
1045 1112 1269 1161 videmus
1295 1111 1343 1159 in
1371 1111 1458 1171 iis,
1487 1124 1611 1173 quae
1637 1109 1950 1157 Hermannus

268 1202 340 1249 El.
367 1201 424 1249 D.
453 1201 515 1250 M.
547 1199 591 1260 1,
621 1202 667 1260 9,
698 1202 762 1248 54
787 1199 974 1258 attulit,
1002 1185 1237 1260 Φειδίας,
1265 1190 1625 1256 Ἀπολλωνίας,
1652 1181 1907 1247 Πηλίαδα.

370 1281 456 1333 Sin
491 1290 654 1333 autem
690 1299 866 1334 nomen
901 1282 1262 1346 Parthenopaei
1303 1283 1538 1330 intactum
1577 1281 1626 1328 in
1662 1296 1708 1329 v.
1739 1281 1838 1328 528
1873 1293 1949 1327 re-

263 1371 554 1433 linquimus,
588 1370 720 1418 facili
756 1384 908 1432 opera
941 1373 1224 1417 avertentur
1251 1367 1453 1415 crimina
1478 1382 1508 1414 a
1540 1365 1744 1428 reliquis
1771 1378 1949 1426 aequa-

264 1455 466 1504 bilitatis
488 1455 854 1504 restitutoribus
877 1459 1047 1502 contra
1065 1453 1211 1502 finem
1234 1452 1470 1502 orationis
1493 1451 1703 1515 prolata.
1734 1449 1950 1498 Keckius

264 1542 391 1588 enim
412 1555 640 1589 versuum
663 1540 879 1588 ordinem
903 1539 1033 1586 hunc
1054 1552 1166 1586 esse
1187 1539 1343 1586 voluit
1364 1540 1481 1585 527.
1511 1539 1627 1585 526.
1654 1537 1752 1584 528
1781 1534 1950 1597 (quem

264 1626 336 1674 sic
367 1626 566 1688 scripsit
590 1617 755 1694 Ἄργει
783 1619 1010 1692 μέτοικος
1037 1618 1212 1690 Ἀρκὰς
1239 1609 1346 1668 ὅδε·
1376 1608 1551 1677 τοιὸςδ“
1578 1617 1696 1688 dcv-rip
1720 1652 1729 1661 .
1750 1618 1806 1683 ·)‚
1834 1623 1952 1683 post

266 1725 388 1773 quos
423 1724 595 1758 versus
630 1709 836 1758 duorum
871 1709 1095 1756 lacunam
1132 1706 1392 1766 indicavit,
1436 1721 1514 1753 vv.
1545 1706 1644 1753 529
1683 1709 1732 1753 et
1765 1707 1866 1753 530
1900 1704 1951 1752 in

264 1797 532 1843 orationem
568 1795 700 1856 regis
726 1794 967 1853 traiectiS,
1004 1808 1148 1856 quam
1176 1792 1314 1840 initio
1344 1806 1510 1840 carere
1545 1806 1653 1839 cum
1680 1790 1951 1839 Ritschelio

269 1880 488 1928 credidit.
559 1879 708 1928 Cuius
754 1879 939 1928 ordinis
990 1880 1117 1926 hanc
1161 1878 1476 1941 potissimum
1526 1891 1725 1925 causam
1772 1875 1951 1933 attulit,

270 1980 436 2013 vocem
485 1960 710 2032 μέτοικος
759 1979 867 2013 cum
909 1959 1240 2017 καπηλεύσειν
1283 1962 1675 2027 componendam
1720 1976 1855 2018 esse,
1900 1964 1955 2008 ut

267 2050 669 2113 Parthenopaeus
697 2050 941 2098 diceretur
965 2050 1261 2112 Argivorum
1288 2053 1537 2097 metoecus
1565 2062 1702 2106 esse,
1731 2047 1818 2096 sed
1844 2046 1950 2095 bel-

267 2135 363 2183 lum
388 2151 484 2183 non
508 2137 742 2199 cauponis
770 2136 927 2184 instar
952 2135 1164 2183 tenuiter
1187 2138 1433 2196 gesturus.
1473 2135 1539 2182 At
1560 2139 1608 2182 et
1627 2133 1805 2196 frigide
1830 2131 1951 2180 illud

266 2216 595 2273 καπηλεύσειν
634 2217 797 2288 paiz-nv
835 2220 983 2268 simili
1009 2220 1222 2281 imagine
1249 2220 1536 2268 dilataretur
1569 2235 1660 2268 nec
1685 2218 1951 2281 quidquam

268 2305 442 2364 obstat,
471 2306 728 2367 quominus
751 2319 919 2354 vocem
949 2300 1176 2372 μέτοικος
1196 2304 1317 2352 nihil
1343 2305 1475 2352 aliud
1502 2319 1648 2367 quam
1675 2302 1953 2365 ‘hospitem'

268 2389 514 2437 declarare
542 2396 786 2452 putemus.
850 2389 1012 2437 Minus
1054 2389 1202 2437 etiam
1236 2389 1391 2446 valet,
1431 2389 1559 2451 quod
1602 2404 1678 2436 vv.
1704 2389 1821 2436 529.
1852 2389 1953 2435 530

270 2474 316 2520 in
342 2475 471 2535 regis
499 2475 768 2523 orationem
803 2474 1106 2523 traiciendos
1146 2489 1257 2523 esse
1284 2474 1439 2522 voluit
1472 2475 1549 2522 ab·
1570 2469 1728 2529 καλὰς
1752 2468 1950 2540 τροφάς,

270 2559 415 2606 ‘bona
447 2559 749 2608 educationis
784 2555 1015 2625 praemia'
1051 2558 1235 2608 ironice
1282 2559 1433 2618 dicta;
1469 2574 1581 2606 nam
1615 2554 1794 2626 τροφαί
1827 2562 1882 2604 ut
1907 2572 1952 2606 V.

273 2645 369 2690 646
399 2644 750 2703 educationem,
778 2660 877 2693 non
902 2645 1124 2708 praemia
1150 2644 1455 2693 educationis
1491 2638 1726 2710 (τροφεῖα
1752 2658 1797 2690 v.
1827 2640 1953 2701 458)

272 2727 563 2789 significant.
600 2730 880 2779 Dindorfius
902 2735 1064 2778 autem
1086 2746 1163 2778 vv.
1187 2731 1304 2777 527.
1328 2730 1444 2777 528.
1469 2730 1586 2776 529.
1612 2729 1712 2776 530
1733 2742 1763 2775 a
1782 2732 1953 2790 poeta-

274 2816 375 2860 stro
402 2813 564 2874 aliquo
594 2816 838 2877 profectos
859 2831 969 2864 esse
995 2816 1101 2863 vult
1121 2814 1312 2864 consilii
1332 2820 1509 2877 poetae
1534 2813 1722 2874 ignaro,
1750 2826 1846 2875 quo
1873 2811 1954 2859 ille

272 2912 316 2943 v.
337 2899 436 2945 526
460 2902 507 2945 et
526 2899 819 2961 aliquotiens
839 2915 1089 2949 sermones
1107 2899 1319 2962 graviori
1339 2899 1502 2961 aliqua
1523 2897 1769 2959 sententia
1788 2895 1954 2945 brevi-

272 2986 345 3028 ter
361 2982 612 3030 enuntiata
631 2985 979 3045 terminaverit,
1003 2999 1127 3048 quae
1148 2985 1510 3048 spectatoribus
1529 2983 1672 3047 plura
1691 2981 1953 3044 cogitanda

273 3066 580 3128 relinqueret.
623 3067 732 3116 Non
757 3070 906 3130 igitur
929 3070 1222 3132 recogitavit
1241 3070 1531 3118 brevitatem
1558 3067 1693 3115 illam
1720 3071 1769 3115 et
1788 3066 1951 3128 gravi·

275 3155 423 3198 tatem
449 3153 551 3212 regi
577 3151 781 3201 fiduciae
807 3160 856 3202 et
888 3155 1045 3203 bonae
1071 3154 1177 3216 spei
1214 3154 1361 3217 pleno
1387 3153 1696 3217 aptissimam
1724 3156 1774 3199 et
1798 3152 1953 3200 usita-
