2055 3589
1056 103 1087 153 6

231 286 387 330 metra
419 278 625 328 diverbii
660 280 1013 325 monometrum
1046 275 1297 323 contendit
1321 274 1449 322 idem
1477 275 1642 324 valere
1668 290 1813 338 quam
1839 267 1919 324 di!

231 372 452 414 metrum.
510 364 566 411 In
593 377 690 424 qua
714 375 944 409 mensura
970 360 1281 423 praeiverant
1307 359 1643 408 Rossbachius
1679 365 1729 408 et
1753 359 1912 408 West-

233 450 410 515 phalus
437 448 573 496 Metr.
597 447 685 494 III.
715 461 763 508 p.
787 447 898 502 105,
928 445 1009 507 qui
1037 459 1143 492 cum
1172 448 1493 507 systematum
1521 444 1571 491 in
1595 444 1691 493 fine
1715 445 1912 493 Prome·

232 535 330 583 thei
357 534 561 581 alterum
589 536 638 579 et-
662 535 886 593 quartum
913 530 1038 577 inter
1064 544 1117 577 se
1143 530 1462 593 respondere,
1491 529 1702 593 primum
1721 544 1839 578 vero
1866 533 1916 578 et

233 625 496 669 extremum
524 632 620 664 una
646 615 848 679 dipodia
874 615 1056 662 distare
1082 614 1306 662 viderent
1333 630 1423 664 nec
1459 615 1507 662 in
1543 618 1757 663 extremo
1791 615 1912 664 reci-

234 708 404 768 perent
430 701 695 750 Hermanni
721 699 1120 763 supplementum
1151 714 1208 748 ex
1243 700 1443 748 scholiis
1479 701 1714 764 petitum,
1748 716 1913 748 nume-

231 805 336 836 rum
371 787 619 845 ordinum,
660 800 756 833 non
793 784 1103 848 dipodiarum
1137 789 1397 846 aequatum
1434 786 1586 834 fuisse
1624 789 1913 834 statuerunt.

233 875 297 922 At
335 873 442 935 quis
483 872 740 931 concedet,
779 873 895 933 post
927 875 1285 917 monometrum
1319 871 1564 919 interdum
1601 871 1735 918 nulla
1768 871 1914 918 inter-

233 958 494 1022 punctione
521 972 551 1005 a
576 955 894 1018 sequentibus
923 954 1222 1014 distinctum,
1250 955 1385 1003 velut
1409 956 1584 1017 Agam.
1608 957 1688 1004 46.
1720 957 1801 1004 53.
1833 958 1913 1004 58.

236 1047 315 1092 70.
346 1046 424 1090 74.
458 1044 533 1090 78.
563 1045 642 1090 83.
673 1044 753 1098 86,
789 1054 958 1088 vocem
993 1039 1252 1087 inhibitam
1289 1054 1400 1088 esse
1431 1055 1522 1103 per
1548 1041 1752 1088 duorum
1779 1055 1915 1103 gres-

234 1145 371 1178 suum
399 1127 645 1191 spatium?
685 1125 858 1174 Nonne
884 1125 1050 1189 potius
1078 1130 1461 1174 consentaneum
1491 1130 1566 1174 est
1589 1126 1819 1190 dipodias
1839 1143 1916 1174 ra—

231 1215 362 1262 tione
402 1213 603 1261 metrica
639 1211 915 1260 arctissime
956 1225 1106 1258 nexas
1152 1226 1308 1273 usque
1352 1211 1413 1259 ad
1459 1212 1604 1259 finem
1650 1212 1918 1260 continenti

234 1300 358 1349 serie
386 1298 691 1347 decurrisse?
746 1297 875 1359 Ergo
910 1297 1028 1344 mihi
1055 1297 1252 1358 quidem
1280 1302 1463 1345 certum
1491 1302 1567 1346 est
1594 1297 1818 1358 singulas
1845 1297 1915 1344 di-

232 1385 406 1449 podias
433 1385 502 1432 ita
527 1397 798 1442 numerare,
826 1387 879 1430 ut
903 1389 1234 1431 monometros
1263 1382 1491 1430 dimidias
1518 1388 1686 1446 partes
1707 1383 1918 1430 habeam

233 1471 562 1518 dimetrorum.

336 1556 550 1603 Primum
576 1555 724 1617 igitur
751 1570 811 1602 ea
837 1559 1114 1620 systemata
1141 1554 1453 1611 enumerabo,
1479 1568 1613 1618 quae
1631 1568 1725 1601 nec
1744 1552 1918 1600 metris

234 1639 414 1688 alienis
439 1637 828 1705 interpellentur
847 1654 939 1687 nec
963 1638 1098 1686 inter
1117 1636 1298 1704 plures
1322 1653 1574 1702 personas
1596 1636 1915 1687 dividantur.

232 1726 302 1774 Ex
338 1726 514 1788 quibus
549 1725 948 1787 frequentissima
983 1730 1097 1772 sunt
1132 1739 1211 1781 ea,
1252 1738 1376 1785 quae
1416 1724 1726 1786 coryphaeus
1760 1724 1808 1771 in
1845 1724 1917 1771 in-

235 1825 377 1859 cessu
405 1810 482 1858 vel
511 1810 644 1858 chori
674 1809 749 1857 vel
776 1810 956 1858 actoris
992 1809 1338 1872 prosequendo
1375 1809 1550 1856 recitat
1562 1828 1574 1868 3
1610 1808 1774 1871 itaque
1808 1814 1919 1857 ante

233 1896 446 1959 parodos
474 1894 647 1960 Suppl.
676 1897 840 1944 1—39
871 1890 945 1958 (7,
974 1894 1050 1943 vel
1077 1894 1243 1956 potius
1271 1909 1329 1942 ex
1357 1893 1687 1957 probabiliore
1710 1894 1918 1942 lectione

234 1998 278 2028 v.
311 1985 357 2029 4.
395 1981 625 2028 λιποῦσαι
667 1984 723 2040 4,
754 1984 807 2038 3,
838 1976 951 2042 5112,
979 1983 1036 2043 5,
1065 1976 1175 2039 3112,
1205 1983 1261 2038 3,
1290 1981 1337 2039 7,
1367 1983 1422 2036 4,
1453 1978 1532 2040 3),
1569 1978 1704 2028 Pers.
1743 1983 1838 2027 1—-
1854 1982 1916 2028 65

234 2064 360 2126 (6112,
389 2070 436 2125 4,
466 2061 568 2125 3¹l2,
598 2069 644 2125 5,
668 2061 770 2125 7112,
794 2070 841 2123 4,
872 2069 918 2126 8,
948 2068 994 2124 ὃ,
1023 2061 1126 2123 9112,
1157 2060 1286 2125 5112),
1313 2067 1488 2127 Agam.
1512 2067 1752 2114 40—103
1776 2064 1848 2125 (7,
1873 2067 1917 2122 6,

236 2146 338 2210 4112,
364 2153 407 2211 7,
431 2147 532 2210 4112,
557 2154 633 2200 10.
666 2147 767 2208 7112,
792 2147 895 2209 4112,
921 2146 1052 2214 6112);
1081 2155 1191 2198 ante
1220 2151 1424 2198 stasima
1450 2150 1624 2214 Suppl.
1645 2152 1917 2227 609—6153

236 2236 332 2297 (5),
360 2236 494 2285 Pers.
521 2238 793 2285 527-542
823 2232 947 2296 (4112,
978 2239 1024 2293 4,
1055 2238 1102 2298 5,
1131 2231 1201 2299 2),
1233 2237 1505 2283 626-635
1536 2231 1661 2295 (4112,
1687 2235 1755 2298 5),
1783 2235 1918 2298 Sept.

238 2323 504 2371 802-811
539 2317 608 2381 (2,
639 2316 741 2381 2112,
771 2323 817 2379 2,
847 2321 918 2382 3),
946 2322 1119 2383 Agam.
1146 2322 1416 2369 340—351
1449 2317 1519 2380 (2,
1550 2317 1651 2379 4112,
1683 2320 1751 2381 5),
1780 2321 1918 2370 Eum.

241 2410 511 2456 304-318
541 2403 669 2467 (2112,
700 2409 744 2455 2.
787 2403 889 2465 2112,
920 2409 964 2455 2.
1007 2409 1052 2466 2,
1083 2410 1108 2455 3
1143 2422 1199 2455 ex
1226 2406 1492 2454 Hermanni
1520 2408 1814 2466 coniectura,
1843 2406 1921 2454 cui

240 2577 573 2639 aequabilitati
611 2593 902 2641 quamquam
937 2578 1068 2626 haud
1102 2577 1280 2625 iniuria
1314 2577 1651 2625 Rossbachius
1686 2585 1734 2625 et
1762 2575 1919 2624 West-

241 2663 416 2725 phalus
468 2676 609 2710 usum
663 2669 931 2713 ceterorum
982 2667 1304 2726 systematum
1353 2677 1629 2726 repugnare
1681 2662 1920 2719 dixerunt,

238 2754 400 2795 tamen
439 2748 645 2796 fortasse
684 2750 828 2796 trium
868 2749 1124 2798 Furiarum
1163 2756 1330 2812 partes
1370 2749 1515 2797 etiam
1555 2748 1603 2795 in
1643 2748 1754 2795 aliis
1800 2747 1920 2795 locis

242 2832 344 2880 eius
372 2832 564 2880 fabulae
591 2833 651 2881 ab
680 2833 956 2883 Hermanno
994 2839 1189 2884 notatae
1226 2849 1423 2882 causam
1458 2831 1735 2896 praebent).
1789 2833 1918 2880 Ana-

241 2922 442 2980 paestos
489 2917 694 2965 recitant
743 2919 887 2967 etiam
937 2920 1208 2968 Oceanides
1261 2919 1320 2967 de
1372 2934 1512 2967 curru
1564 2917 1920 2966 descendentes

241 3003 400 3051 Prom.
431 3004 719 3051 279-285
759 3001 899 3064 (GU-2).
958 3006 1078 3053 Tum
1115 3010 1328 3053 actorem
1364 3005 1706 3053 advenientem
1742 3002 1920 3050 chorus

244 3088 421 3151 excipit
447 3089 753 3151 anapaestis,
794 3090 873 3150 qui
910 3105 1271 3151 nonnumquam
1300 3091 1376 3138 vel
1404 3094 1516 3137 ante
1544 3089 1822 3149 ingressum
1848 3087 1920 3134 in-

246 3172 429 3237 cipiunt
462 3173 598 3221 Pers.
629 3175 903 3222 139—153
943 3170 1075 3239 (3112,
1106 3177 1150 3223 5.
1188 3171 1263 3237 5),
1309 3174 1442 3239 Sept.
1474 3175 1759 3224 838-351
1792 3167 1918 3234 (8112.
