2055 3589
860 250 924 300 57

160 427 207 472 3.
249 424 302 471 In
330 422 700 471 sententiarum
724 423 895 485 igitur,
934 437 991 470 ex
1025 421 1202 484 quibus
1237 420 1458 482 singulae
1485 420 1730 468 orationes

55 511 286 555 constant
303 505 631 572 responsione
654 507 914 555 iudicanda
933 506 1063 554 haud
1085 506 1259 567 exigua
1284 519 1436 567 opera
1455 504 1620 553 danda
1639 510 1730 562 est,

52 607 113 640 ne
156 592 304 640 rebus
350 592 494 655 plane
539 591 748 640 diversis
792 590 1148 639 confundendis
1193 590 1589 651 aequabilitatem
1634 605 1730 637 non

53 691 397 738 agnoscamuS‚
419 676 508 724 sed
523 676 856 724 obtrudamus,
888 674 1009 724 Nam
1030 689 1136 723 cum
1161 675 1424 723 incisiones
1445 678 1731 736 argumento

53 761 254 810 effectae
281 776 375 809 non
403 775 572 809 omnes
600 762 820 810 eiusdem
844 761 946 810 sint
969 760 1216 818 momenti,
1249 759 1336 807 sed
1363 758 1559 820 singula
1584 773 1731 806 enun—

53 846 175 894 tiata
200 846 369 909 plures
394 849 562 908 partes
590 846 887 903 contineant,
928 845 1072 908 plura
1096 844 1347 892 enuntiata
1371 847 1533 891 autem
1560 843 1606 890 in
1633 843 1732 891 sin·

53 930 194 992 gulas
220 928 452 992 periodos
480 930 707 992 coniungi
735 930 952 994 possint,
980 933 1361 977 consentaneum
1389 932 1488 986 est,
1517 932 1734 992 poetam,

54 1014 96 1062 si
133 1028 362 1062 numeros
397 1014 523 1062 inter
557 1030 610 1064 se
646 1015 1004 1078 respondentes
1039 1013 1452 1077 comprehendere
1480 1011 1734 1071 voluisset,

54 1098 286 1163 periodos
325 1099 594 1148 rhetoricas
639 1099 858 1148 eiusdem
902 1099 1096 1162 generis
1131 1099 1258 1146 inter
1299 1112 1351 1146 se
1390 1097 1733 1160 oppositurum

55 1184 224 1232 fuisse.
266 1182 403 1231 Unde
424 1185 645 1246 sequitur
663 1183 947 1249 unicuique
969 1181 1216 1232 incisioni
1238 1197 1390 1256 suwgz
1412 1179 1618 1248 pondus
1644 1179 1734 1228 tri-

56 1264 314 1316 buendum
339 1282 468 1325 688e3
493 1269 542 1316 id
569 1269 699 1331 quod
726 1273 774 1316 et
799 1268 1001 1317 Weilius
1028 1268 1257 1329 neglexit,
1283 1272 1336 1315 ut
1361 1267 1486 1314 infra
1512 1266 1736 1329 pluribus

54 1352 426 1409 demonstrab0‚
465 1356 513 1399 et
546 1351 786 1413 KeckiuS,
823 1353 905 1415 qui
939 1353 1010 1400 illi
1045 1353 1094 1400 in
1132 1352 1412 1400 universum
1445 1351 1736 1399 adversatus

55 1442 155 1494 est,
193 1436 388 1498 singula
422 1451 536 1486 vero
571 1437 794 1500 exempla
831 1438 977 1486 etiam
1011 1437 1381 1498 monologorum
1417 1435 1739 1498 aequabiliter

56 1521 324 1570 divisorum
342 1522 602 1570 concessit.
641 1522 813 1584 Itaque
829 1537 937 1570 cum
953 1522 1272 1571 contenderet
1285 1519 1456 1583 Suppl.
1469 1524 1486 1567 1
1500 1521 1560 1568 62
1577 1549 1627 1555 -
1643 1522 1736 1567 189

56 1602 162 1671 (28)
203 1621 261 1654 ex
296 1606 376 1655 his
415 1606 633 1670 periodis
674 1611 898 1656 constare
936 1609 980 1654 2.
1021 1609 1064 1654 6.
1103 1608 1148 1654 6.
1191 1609 1232 1653 1.
1272 1607 1317 1654 6.
1358 1607 1402 1652 6.
1445 1608 1463 1651 1
1538 1619 1739 1667 eamque

1114 1685 1119 1726 Ι
1367 1684 1373 1725 l

55 1776 455 1838 aequabilitatem
490 1790 547 1824 eo
583 1776 761 1825 clarius
797 1790 1082 1839 expressam
1111 1781 1252 1834 esse,
1293 1775 1421 1838 quod
1464 1773 1739 1835 singulares

58 1861 129 1909 illi
171 1861 265 1910 duo
294 1876 467 1910 versus
506 1863 776 1909 sententias
815 1861 866 1908 in
904 1861 1184 1909 universum
1224 1860 1381 1907 dictas
1421 1859 1740 1916 continerent,

58 1961 152 1995 non
180 1946 303 1994 vidit
328 1946 632 2008 singularum
660 1946 952 1994 incisionum
987 1945 1034 1992 vi
1070 1949 1294 2008 spectata
1325 1944 1418 1992 hos
1454 1943 1618 2006 potius
1653 1958 1739 1990 nu-

56 2046 219 2080 meros
247 2032 478 2080 existere:
521 2033 565 2079 2.
596 2032 642 2078 2.
672 2032 718 2089 2,
747 2032 793 2090 2,
821 2032 866 2078 2.
898 2033 943 2088 2,
974 2031 1018 2078 2.
1053 2034 1094 2078 1.
1126 2032 1170 2078 6.
1204 2031 1251 2088 3,
1280 2031 1326 2077 3.
1362 2033 1402 2076 l.

162 2116 267 2164 Iam
289 2116 328 2164 si
351 2115 705 2180 proficiscimur
730 2116 791 2163 ab
818 2115 879 2162 iis
901 2115 1136 2177 periodis,
1163 2129 1288 2176 quae
1309 2112 1546 2179 ipsarum
1566 2126 1741 2160 rerum

59 2199 379 2267 oppositione
405 2204 751 2264 comparantur
783 2204 832 2248 et
864 2201 915 2248 in
945 2200 1024 2248 his
1059 2198 1253 2262 quidem
1288 2214 1318 2246 a
1352 2197 1590 2257 minimis,
1627 2212 1739 2261 pro-

58 2288 186 2335 fecto
213 2289 473 2335 occurrunt
498 2285 685 2347 aliquot
711 2285 937 2348 exempla
962 2284 1320 2333 enuntiatorum
1346 2283 1739 2331 antitheticorum

2 2390 8 2407 =
59 2371 262 2435 paribus
301 2370 516 2418 numeris
557 2371 1034 2432 comprehensorum.
1092 2368 1168 2416 Ita
1203 2368 1253 2416 in
1290 2367 1492 2430 prologo
1532 2367 1741 2428 Agame-

35 2456 252 2504 'mnonis
280 2472 357 2504 vv.
382 2456 588 2503 12-—19
617 2455 807 2503 duabus
835 2471 892 2503 ex
918 2455 1142 2518 partibus
1170 2452 1428 2517 compositi
1456 2457 1598 2511 sunt,
1625 2465 1736 2514 qua-

58 2557 166 2590 rum
185 2545 389 2604 utraque
405 2541 522 2589 bina
536 2540 748 2589 disticha
761 2539 1158 2604 comprehendit3
1184 2539 1259 2586 vel
1276 2539 1449 2600 Agam.
1465 2537 1740 2585 541—544

58 2627 107 2674 in
123 2626 363 2674 molestiis
377 2626 495 2674 belli
512 2625 707 2673 Troiani
725 2624 1063 2674 describendis
1085 2638 1261 2686 praeco
1281 2623 1491 2670 hiemem
1513 2625 1561 2669 et
1583 2625 1741 2669 aesta-

58 2715 156 2758 tem
184 2710 313 2758 binis
341 2710 565 2758 versibus
600 2711 849 2772 componit
860 2728 872 2768 3
908 2710 985 2757 vel
1013 2709 1221 2770 denique
1247 2707 1422 2771 Suppl.
1451 2708 1735 2755 426-431

60 2799 190 2843 recte
227 2793 418 2842 videtur
450 2794 761 2842 Hermannus
797 2794 1072 2842 restituisse
1109 2793 1380 2856 ‘duplicem
1418 2791 1742 2855 comparatio-

60 2895 172 2928 nem
199 2883 454 2941 utramque
480 2879 636 2927 tribus
665 2879 906 2934 versibuS,
947 2883 1202 2940 utramque
1230 2876 1473 2925 consimili
1500 2877 1669 2926 ordine
1697 2881 1744 2923 et

59 2965 216 3013 forma
259 2959 655 3011 sententiarum'.
714 2963 826 3011 Alia
869 2963 1044 3010 deinde
1089 2962 1315 3025 exempla
1358 2966 1525 3011 extant
1567 2962 1740 3023 Agam.

68 3050 436 3109 1277=127s,
466 3047 684 3111 Choeph.
711 3049 825 3096 255.
851 3049 1139 3096 2563257.
1164 3048 1282 3106 258,
1311 3049 1426 3095 565.
1451 3047 1741 3094 5662567.

63 3135 180 3193 568,
211 3135 502 3183 8382839.

166 3219 371 3267 Accedit
404 3223 565 3267 autem
601 3218 663 3266 ad
701 3218 1062 3282 oppositionem
1097 3216 1358 3282 repetitiO,
1391 3231 1487 3279 qua
1514 3216 1559 3264 in
1588 3215 1742 3265 Choe-

62 3304 233 3367 phoris
265 3304 506 3352 somnium
535 3303 955 3366 Clytaemnestrae
987 3318 1016 3350 a
1042 3303 1190 3352 choro
1226 3319 1303 3351 vv.
1335 3304 1450 3352 521.
1481 3303 1595 3351 523.
1627 3303 1726 3350 525
