2055 3589
784 209 934 266 ,49

56 382 284 430 facillime
303 383 509 444 intelligi
526 387 576 431 et
594 382 816 457 suppleri
838 382 1015 432 docent
1034 382 1186 430 multa
1205 382 1431 445 exempla
1452 382 1599 442 velut,
1618 384 1735 431 414

59 467 187 525 415,
221 466 303 514 ubi
338 467 399 514 ad
427 471 580 534 χερῶν
615 474 664 515 et
697 481 827 534 φωνε
805 472 850 514 ,ἴ
879 483 936 515 ex
962 454 1120 534 ἄνδρα
1153 466 1475 530 praecedente
1511 465 1664 513 αὐτοῦ
1691 471 1740 513 et

59 541 202 607 οὗτος
236 541 516 614 supplenda
550 557 685 612 sunt,
722 551 797 599 vel
832 553 960 599 1006
999 550 1184 619 ὁμαρτε
1163 556 1229 597 ῖν
1263 565 1320 618 χε
1299 548 1575 622 ιρώῐ].,ατα
1608 552 1735 598 1007

58 630 335 702 προςσέβειν
362 630 545 699 (τινά),
586 638 714 684 1008
743 637 922 704 ἄτιμον
960 629 1081 682 εἶναι
1108 631 1331 695 (αὐτόν);
1368 635 1545 697 quibus
1579 635 1738 682 locum

61 718 211 767 mirae
234 720 573 782 neglegentiae
602 720 795 780 addam,
830 720 964 769 Pers.
988 722 1086 768 452
1120 708 1424 786 ἐξέθρωσκον
1453 725 1502 768 et
1531 722 1628 767 453
1658 735 1739 765 κυ-

62 798 319 867 κλοῦντο(
320 796 551 859 'EM-sav,
534 819 623 851 cx
640 805 963 867 praecedente
985 797 1226 858 ”Ελλησίν
1242 801 1608 868 supplendum),
1628 797 1742 850 ὥστ’

62 884 334 955 ἀμηχάνειν
376 883 476 948 (lls'
481 886 639 955 ρσοις);
688 894 788 936 tum
836 891 934 938 456
979 886 1040 935 ἰοὶ
1083 913 1147 921 --
1195 885 1424 936 ὤλλυσαν
1461 927 1509 937 ..
1548 885 1742 936 παίουσι

63 965 97 1031 (
97 963 370 1032 ’.Ελληνες)

170 1051 387 1105 Sextum
444 1057 714 1106 orationum
762 1073 876 1120 par,
921 1057 1063 1120 quale
1108 1058 1218 1105 libri
1266 1058 1498 1118 offerunt,
1543 1071 1742 1105 numero

64 1157 293 1190 versuum
339 1142 564 1204 congruit
595 1148 801 1204 utraque
830 1143 892 1189 29
919 1158 996 1190 vv.
1025 1142 1316 1190 continente.
1370 1142 1598 1190 Attamen
1624 1142 1746 1190 haec

68 1226 392 1288 aequabilitas
420 1227 482 1274 ab
510 1227 571 1274 iis
598 1226 748 1290 ipsiS,
777 1227 857 1288 qui
884 1227 1253 1289 responsionem
1283 1226 1518 1289 probant,
1546 1227 1746 1275 deletur.

65 1309 281 1357 Primum
325 1310 454 1358 enim
499 1310 703 1358 offendit
741 1310 792 1356 in
837 1310 1055 1359 oratione
1100 1311 1255 1358 nuntii
1297 1311 1440 1374 copia
1483 1311 1745 1367 nominum,

65 1394 244 1456 quibus
266 1394 461 1457 Tydeus
488 1395 550 1443 ab
573 1394 876 1458 Amphiarao
903 1395 1300 1458 reprehenditur-3
1330 1410 1477 1458 quare
1505 1396 1599 1443 iam
1628 1396 1742 1443 Her-

66 1494 300 1540 mannus,
336 1494 476 1542 quem
514 1478 812 1527 Bitschelius
849 1486 1047 1527 secutus
1084 1485 1187 1539 est,
1223 1495 1330 1527 cum
1359 1480 1547 1528 videret
1574 1497 1619 1528 V.
1649 1483 1747 1528 554

68 1558 168 1612 fere
204 1564 331 1612 idem
369 1564 616 1612 declarare
644 1578 789 1626 quam
817 1566 915 1611 556
935 1601 946 1623 ,
986 1564 1199 1627 priorem
1229 1565 1425 1613 delevit.
1490 1565 1604 1613 Mihi
1636 1580 1748 1613 vcro

68 1649 192 1696 alter
215 1649 378 1712 potius
406 1649 651 1712 pedestris
681 1648 1019 1711 interpretatio
1047 1649 1226 1712 prioris
1249 1650 1442 1698 videtur
1463 1665 1588 1698 esse.
1630 1649 1749 1698 Gra-

73 1733 182 1781 vius
211 1739 310 1792 est,
347 1735 475 1796 quod
509 1735 727 1794 fuerunt,
762 1733 843 1794 qui
883 1737 1073 1796 partem
1102 1734 1435 1783 vconviciorum
1465 1735 1630 1797 Tydeo
1665 1735 1748 1783 ab·

73 1817 347 1866 iudicarent
373 1824 421 1867 et
441 1818 661 1881 Polynici
689 1818 875 1878 darent,
903 1818 1113 1881 primum
1142 1819 1256 1881 quia
1279 1834 1396 1882 pars
1423 1819 1750 1867 conviciorum

70 1904 121 1950 in
148 1903 277 1951 hunc
301 1908 488 1951 tantum
512 1903 788 1966 quadraret,
815 1909 915 1950 tum
938 1904 1301 1965 aequabilitatis
1323 1918 1487 1962 causa,
1513 1918 1637 1966 quae
1658 1904 1750 1966 Ty-

72 1987 219 2036 deum
245 2004 340 2036 non
367 1988 591 2051 pluribus
628 1988 920 2051 reprehendi
948 1988 1247 2050 postularet,
1284 2003 1428 2051 quam
1456 1988 1751 2051 polynicem,

73 2072 283 2135 denique
305 2073 435 2135 quod
457 2073 751 2121 contumelia
776 2073 889 2121 huic
915 2088 971 2122 ex
999 2074 1193 2122 nomine
1215 2073 1436 2122 derivata
1463 2071 1512 2120 ἐν
1536 2070 1751 2138 τελεύτῃ

73 2156 177 2204 dari
204 2157 471 2215 diceretur,
507 2157 716 2220 ideoque
752 2158 986 2206 nonnulla
1011 2160 1346 2221 praecessisse
1375 2174 1576 2208 necesse
1604 2164 1750 2207 esset.

72 2239 287 2302 Quorum
311 2246 711 2304 argumentorum
737 2242 945 2304 primum
969 2244 1120 2292 verba
1147 2238 1362 2311 Ἐρινύος
1388 2243 1613 2311 κλητῆρα
1640 2259 1752 2307 spe-

73 2330 197 2385 ctat,
238 2341 362 2389 quae
387 2327 564 2389 Erinys
601 2342 719 2375 sane
755 2342 813 2375 ea
838 2333 941 2385 est,
979 2343 1103 2390 quae
1139 2344 1293 2390 genus
1322 2327 1495 2392 Oedipi
1526 2329 1751 2392 extirpat.

72 2411 140 2459 At
175 2412 420 2474 quomodo
447 2412 706 2475 Polynices
733 2411 933 2460 ‘Furiae
968 2413 1245 2476 apparitor'
1272 2413 1366 2461 dici
1402 2414 1603 2476 potest?
1651 2413 1754 2461 Imo

73 2496 210 2546 solus
245 2498 438 2546 videtur
480 2498 549 2546 ita
586 2498 825 2560 increpari
866 2512 1016 2561 posse
1051 2498 1276 2561 Tydeus,
1317 2498 1500 2561 quippe
1538 2497 1618 2560 qui
1658 2513 1753 2546 non

73 2582 233 2630 solum
271 2582 456 2631 diserto
496 2583 729 2645 Aeschyli
764 2583 1043 2631 testimonio
1078 2579 1218 2642 (361.
1249 2582 1368 2644 373)
1406 2583 1755 2646 cupidissimus

74 2666 141 2713 sit
175 2681 396 2728 pugnae,
441 2682 537 2729 qua
584 2668 644 2715 de
689 2667 891 2715 fratrum
940 2672 1070 2714 sorte
1110 2667 1486 2715 discernendum
1526 2673 1624 2727 est,
1667 2668 1754 2715 sed

75 2750 224 2797 etiam
250 2751 520 2799 secundum
549 2757 765 2800 veterem
792 2752 1005 2799 fabulam
1042 2751 1139 2799 iam
1173 2752 1235 2799 ab
1263 2751 1474 2800 Homero
1510 2757 1752 2800 narratam

74 2834 322 2897 Polynicis
350 2836 549 2884 nuntius
576 2837 735 2894 fuerit,
764 2837 843 2898 qui
872 2850 1074 2898 regnum
1102 2836 1144 2884 ei
1173 2837 1235 2884 ab
1260 2836 1459 2885 Eteocle
1484 2842 1754 2900 repeteret3

74 2935 166 2968 nec
200 2935 315 2968 vero
353 2935 645 2983 quemquam
682 2921 851 2982 fugere
886 2925 1075 2984 potest,
1121 2927 1302 2982 quanto
1347 2922 1522 2969 melius
1559 2921 1755 2983 Tydeus

74 3000 344 3071 πρόςπολος
370 3000 537 3052 Φόνου
575 3005 766 3054 dicatur
801 3020 946 3069 quam
980 3005 1253 3068 Polynices
1319 3004 1457 3067 Quod
1495 3010 1657 3054 autem
1693 3006 1754 3053 ad

76 3089 470 3151 aequabilitatem
508 3090 705 3149 attinet,
744 3105 902 3138 nonne
939 3090 1222 3137 concinnius
1252 3091 1364 3147 erit,
1403 3090 1752 3152 Amphiaraum

77 3171 125 3220 in
163 3173 379 3236 Tydeum
432 3175 607 3224 acerbe
654 3175 843 3234 invehi,
892 3174 953 3222 ad
993 3174 1273 3237 Polynicem
1321 3190 1514 3223 versum
1561 3175 1755 3223 nomine

77 3256 204 3305 male
229 3258 444 3307 ominato
470 3264 684 3308 utentem
713 3259 908 3322 placida
932 3259 1150 3307 oratione
1179 3260 1381 3307 crimina
1407 3258 1621 3308 inferre?
1662 3260 1752 3307 De·

1393 3338 1418 3377 4
