2055 3589
938 91 1004 140 67

57 271 62 274 ·
131 261 249 320 665,
275 260 532 308 IV.—-672
558 257 846 320 (secundum
877 259 1076 307 schema
1100 260 1147 306 in
1166 258 1270 307 ‘fine
1296 259 1533 319 fabulae),
1563 261 1812 322 V.——70·2‚

129 343 406 402 VL-745,
435 343 732 393 VIL—769.
791 343 825 391 I.
863 347 911 391 et
946 343 1028 390 IV.
1065 346 1232 406 partes
1271 345 1595 406 responsione
1630 345 1812 393 liberas

90 485 96 494 ,
128 426 343 489 proodos
382 441 492 475 esse
532 428 685 475 voluit-
725 427 1057 488 sequentium,
1099 441 1208 474 cum
1246 430 1407 475 tamen
1447 443 1544 481 non
1583 429 1744 476 minus
1784 446 1814 476 a

128 510 289 573 prima
312 510 628 558 altercatione
656 510 956 559 secernenda
976 511 1091 569 sint,
1118 525 1242 572 quae
1269 511 1312 559 ei
1339 513 1638 575 praecedant
1663 514 1814 562 verba

127 594 253 642 inter
284 593 458 642 Furias
486 599 535 642 et
560 594 841 656 Apollinem
879 594 1141 642 distributa
1174 608 1394 656 quaeque
1417 596 1642 644 Minerva
1669 613 1809 659 prae-

127 677 302 725 mittat.
378 678 498 725 Tum
541 678 972 739 interrogationem
1008 677 1198 726 Orestis
1233 673 1349 740 (11.)
1388 680 1456 726 ita
1493 681 1541 726 in
1578 681 1808 728 maiorem

126 761 524 823 aequabilitatem
560 761 785 819 adduxit,
823 766 876 809 ut
908 777 939 809 a
971 762 1128 823 prima
1155 763 1374 810 oratione
1411 762 1665 811 Furiarum
1700 765 1809 812 ulti-

125 861 254 892 mum
292 860 489 894 versum
527 850 803 893 secerneret
839 851 886 892 et
922 845 1063 893 alteri
1103 846 1386 904 choreutae,
1426 848 1616 908 reliqua
1648 853 1811 896 autem

127 929 335 990 singulis
372 928 576 990 reliquis
614 929 864 977 tribueret.
938 929 1004 977 At
1039 944 1122 977 cur
1161 944 1231 977 ex.
1255 931 1412 978 tribus
1451 931 1548 978 illis
1586 933 1810 980 versibus

126 1013 420 1074 575—577,
457 1012 536 1074 qui
565 1027 734 1061 omnes
769 1017 870 1060 tres
906 1013 1297 1075 interpunctione
1331 1015 1648 1074 definIuntur,
1685 1031 1810 1063 unus

123 1099 312 1143 tantum
345 1094 698 1144 abscindatur?
734 1111 843 1143 nam
880 1096 1003 1144 alter
1036 1097 1134 1143 iam
1169 1098 1229 1145 ad
1253 1097 1473 1147 Orestem
1511 1099 1671 1147 dictus
1709 1103 1811 1157 est3

124 1178 301 1227 deinde
345 1180 468 1228 haec
513 1180 793 1228 distributio
850 1180 897 1226 in
951 1180 1233 1238 duodecim,
1291 1196 1387 1230 non
1433 1183 1481 1229 in
1532 1183 1809 1244 quindecim

125 1263 383 1311 choreutas
411 1264 633 1326 quadrat.
689 1263 784 1311 Sed
812 1264 1119 1312 manifestius
1148 1266 1292 1312 etiam
1322 1266 1504 1314 erravit
1530 1266 1734 1314 Weilius
1761 1267 1808 1313 in

122 1347 440 1395 altercatione
467 1348 598 1395 chori
627 1351 676 1395 et
701 1344 949 1410 Apollinis
977 1346 1118 1407 (III.)
1145 1349 1476 1408 restituenda,
1503 1351 1585 1398 ubi
1615 1355 1810 1412 praeter

122 1445 304 1478 morem
345 1447 486 1478 suum
525 1431 747 1492 singulas
787 1432 1034 1479 orationes
1074 1432 1200 1479 inter
1236 1448 1290 1480 se
1326 1435 1561 1495 opposuit
1598 1438 1646 1482 et
1680 1434 1812 1481 dicta

123 1515 256 1562 chori
306 1515 578 1574 mesodice,
629 1515 875 1578 Apollinis
921 1522 1081 1563 autem
1127 1516 1396 1565 orationem
1446 1518 1655 1581 primam
1702 1533 1807 1565 cum

121 1599 288 1658 tertia,
315 1596 521 1648 alteram
547 1613 656 1646 cum
682 1602 858 1661 quarta
882 1599 1183 1661 respondere
1212 1600 1366 1648 voluit
1390 1602 1468 1650 his
1495 1602 1733 1649 numeris:

531 1678 634 1730 Ἀπ.
665 1678 811 1757 8.-Χ.
841 1685 886 1729 5.
932 1685 1009 1729 16.
1054 1687 1097 1731 3.
1144 1687 1189 1731 8.
1233 1686 1278 1732 5.
1324 1687 1400 1733 16.

843 1764 1270 1805 1———1--1

228 1851 382 1912 Quam
423 1851 799 1914 responsionem
838 1857 890 1900 ut
929 1852 1167 1911 efficeret,
1207 1853 1394 1915 primae
1431 1852 1639 1901 orationi
1676 1853 1808 1900 chori

122 1952 320 1985 versum
367 1938 462 1984 634
513 1935 655 1983 alteri
701 1936 971 1984 detractum
1025 1938 1334 1999 praeposuit,
1389 1935 1597 1988 subiecit
1648 1940 1809 1984 autem

121 2021 345 2068 lacunam
383 2020 528 2067 unius
565 2019 820 2081 versiculi,
859 2021 1047 2068 scilicet
1083 2021 1164 2082 qui
1203 2036 1258 2069 ex
1294 2020 1524 2082 analogia
1561 2020 1810 2082 sequentis

122 2104 358 2153 orationis
384 2103 759 2162 desideraretur,
789 2109 841 2152 ut
862 2103 1037 2152 Furiae
1065 2104 1158 2152 sibi
1187 2105 1346 2167 ipsam
1373 2119 1650 2166 repugnare
1677 2106 1810 2153 dice-

121 2193 230 2237 rent
275 2187 566 2236 sententiam
605 2188 869 2250 Apollinis,
945 2189 1011 2235 At
1048 2189 1288 2236 eiusmodi
1328 2188 1574 2237 conclusio
1619 2194 1812 2251 poterat

123 2273 316 2336 quidem
360 2272 500 2329 addi,
546 2271 634 2320 sed
674 2272 872 2319 minime
912 2272 1242 2331 desideratur,
1286 2286 1391 2320 cum
1436 2273 1549 2336 ipsa
1586 2256 1809 2335 quaestio

121 2356 500 2418 discrepantiam
546 2356 678 2403 illam
725 2356 847 2404 satis
894 2356 1097 2419 aperiat.
1180 2357 1338 2405 Minus
1379 2357 1523 2404 etiam
1570 2372 1809 2420 prospere

122 2441 272 2489 cessit
306 2439 507 2497 Weilio,
554 2440 682 2501 quod
724 2455 919 2488 versum
961 2443 1059 2488 634
1099 2445 1212 2488 ante
1253 2457 1297 2487 v.
1342 2443 1438 2489 612
1479 2443 1807 2504 transposuit3

27 2562 37 2572 .
120 2539 216 2572 non
245 2524 372 2572 enim
401 2529 738 2586 praepostere,
777 2525 862 2572 sed
889 2525 1142 2587 aptissime
1168 2524 1346 2572 Furiae
1371 2525 1559 2574 iudices
1592 2531 1808 2585 monent,

121 2613 175 2657 ut
222 2607 479 2656 attendant
526 2609 855 2670 memoriaque
912 2607 1155 2656 retineant
1202 2604 1605 2671 repugnantiam,
1665 2624 1809 2671 quam

122 2692 235 2740 illae
270 2692 316 2738 in
344 2692 591 2754 Apollinis
619 2693 782 2741 verbis
819 2692 911 2740 sibi
943 2692 1165 2740 videntur
1193 2693 1487 2753 coarguisse.
1548 2693 1809 2742 Orationes

121 2780 281 2824 autem
318 2775 564 2838 Apollinis
599 2782 652 2823 ut
686 2781 941 2838 aequaret,
983 2776 1183 2824 Weilius
1223 2776 1436 2824 adscivit
1468 2782 1808 2838 argumentum

122 2859 544 2922 interpolationis,
596 2861 673 2907 cui
722 2860 1010 2922 plerumque
1059 2860 1375 2919 adversatur,
1438 2862 1675 2922 eiecitque
1729 2878 1806 2910 vv.

125 2945 425 3003 659—665,
463 2943 593 3005 quod
629 2945 676 2991 in
703 2944 965 3008 Areopago
993 2959 1088 2991 non
1124 2944 1313 2991 licuerit
1340 2935 1434 3000 ἔξω
1462 2949 1550 2991 τοῦ
1576 2940 1807 3012 πράγμοι-
1885 2964 1888 2966 “

120 3042 204 3083 τος
229 3022 392 3095 λέγειν
419 3043 576 3090 neque
603 3027 779 3077 Furiae
813 3029 1059 3092 promissa
1086 3028 1334 3092 Apollinis
1369 3029 1807 3092 praetermissurae
1879 3037 1892 3043 “

123 3111 302 3159 fuerint
327 3112 443 3173 quin
479 3113 623 3160 minis
652 3113 944 3162 evincerent.
1003 3112 1128 3173 Quid
1163 3114 1310 3161 vero?
1358 3113 1529 3162 Nonne
1565 3113 1809 3161 minantur

296 3195 298 3197 ,
1417 3191 1473 3234 5*
