2055 3589
1089 60 1155 113 36

287 243 411 290 inter
436 238 776 288 Prometheum
805 240 853 284 et
877 235 1045 283 Ionem
1072 231 1348 281 distributis
1375 230 1637 279 distichum
1655 230 1791 280 Ionis
1817 222 1960 296 prae-
1999 251 2055 293 mni

249 325 508 382 ,mittitur3
555 337 661 370 cum
705 321 860 369 forma
906 322 1067 366 autem
1106 316 1333 365 convenit
1368 315 1630 378 responsio
1669 317 1960 379 argumenti,
2003 322 2055 386 &pt

285 425 390 457 cum
418 408 470 456 Io
504 408 553 455 in
589 407 749 469 priore
776 403 977 467 periodo
1007 402 1066 450 de
1093 400 1355 449 infortunio
1382 399 1685 461 Promethei,
1719 401 1876 450 altera
1900 402 1960 456 de
2005 417 2053 471 sept

284 509 373 542 sua
412 492 567 555 ipsius
606 495 737 539 sorte
777 493 1003 552 quaerat;
1050 487 1166 549 quin
1205 486 1350 534 etiam
1391 500 1448 534 ex
1472 485 1697 560 'singulis
1733 487 1960 538 versibus
2005 497 2055 552 ,ing

283 577 412 640 quini
440 576 583 640 primi
612 574 852 623 similibus
887 571 1144 621 sententiis
1181 575 1468 632 congruunt.
1520 570 1784 620 Praeterea
1816 587 1959 634 argu·
2003 591 2055 632 mon

283 662 430 710 menti
455 660 649 724 quidem
678 659 965 707 divisionem
993 655 1272 715 aequalem,
1312 655 1400 704 sed
1437 655 1595 703 forma
1627 670 1726 704 non
1760 671 1959 720 expres·
2005 668 2055 726 esp

283 762 383 794 sam
414 746 507 794 sibi
534 745 669 794 visus
698 748 774 792 est
799 741 1014 790 invenire
1041 740 1171 788 idem
1197 739 1498 788 Ribbeckius
1532 740 1580 788 in
1607 741 1815 804 prologo
1842 741 1960 791 Pro·
2008 748 2055 803 ju*

284 831 459 879 methei
489 832 629 878 36—
647 832 727 888 81,
762 828 844 876 ubi
871 825 1148 889 quindecim
1174 825 1366 874 vicibus
1395 825 1605 874 Roboris
1633 841 1753 890 prae
1779 826 1963 875 ferocia
2017 839 2055 888 «let

281 915 566 963 exsultantis
601 914 701 962 bini
739 926 933 970 versus,
970 911 1018 958 in
1054 911 1215 974 prima
1249 906 1382 978 ῥήσει
1417 925 1513 958 uno
1541 910 1672 958 aucti
1700 915 1750 960 et
1775 911 1957 974 singuli
2013 934 2055 987 que

282 999 480 1047 Vulcani
517 1013 689 1046 munus
727 992 821 1045 sibi
855 995 1141 1059 impositum
1167 1009 1314 1057 aegre
1339 995 1542 1044 ferentis
1567 996 1696 1044 inter
1721 1011 1775 1045 se
1801 1011 1959 1060 oppo-
2011 1010 2055 1058 leet

280 1090 474 1131 nantur:
504 1082 653 1130 dividi
682 1082 809 1129 enim
836 1082 997 1130 locum
1024 1081 1073 1129 in
1093 1081 1187 1128 tria
1207 1094 1414 1143 corpora
1433 1081 1728 1142 aequabilia,
1756 1096 1960 1144 quorum
2053 1131 2055 1138 ,

279 1168 486 1231 primum
524 1169 586 1215 36
609 1169 721 1215 -51
755 1167 814 1215 de
851 1166 997 1230 culpa
1030 1165 1309 1214 Promethei
1345 1166 1725 1228 necessarioque
1756 1165 1960 1215 Vulcani

278 1253 324 1300 in
352 1252 517 1301 Iovem
544 1252 781 1314 obsequio
809 1257 941 1314 agat,
975 1252 1181 1300 alterum
1211 1253 1417 1300 52—-60
1445 1250 1791 1299 Prometheum
1817 1266 1959 1314 prae·
2049 1280 2055 1310 2

277 1343 349 1385 ter
383 1342 556 1400 pectus
592 1336 833 1396 infletum,
868 1338 1065 1385 tertium
1095 1338 1301 1386 07—81
1336 1350 1460 1399 opus
1497 1335 1771 1384 confectum
1807 1337 1960 1384 conti·
2048 1349 2052 1356 ·

277 1428 414 1485 neat,
454 1422 831 1485 unumquodque
858 1427 1021 1470 autem
1047 1438 1077 1470 a
1101 1421 1296 1470 Robore
1324 1421 1551 1470 comitem
1576 1421 1863 1485 impellente
1887 1422 1959 1469 in-

278 1507 500 1570 cipiatur.
563 1507 803 1570 Equidem
849 1522 964 1555 vero
1011 1506 1207 1566 dubito,
1258 1523 1320 1555 an
1365 1521 1523 1555 novae
1568 1507 1726 1570 partis
1769 1507 1962 1554 initium
2051 1535 2055 1550 η

279 1591 580 1654 significetur
618 1608 661 1639 v.
703 1594 784 1654 67,
829 1592 1013 1655 quippe
1061 1593 1143 1655 qui
1187 1606 1296 1640 cum
1341 1591 1609 1650 sententia,
1654 1596 1759 1639 tum
1795 1591 1961 1640 verbis
2049 1649 2055 1654 ,

277 1672 393 1743 ὕπερ
438 1672 618 1733 στένεις
661 1677 936 1726 arctissime
986 1692 1093 1725 cum
1141 1676 1467 1740 praecedente
1513 1677 1788 1725 cohaereat.
1864 1676 1959 1726 Sed

277 1761 431 1810 maius
458 1766 555 1821 est,
592 1762 720 1824 quod
747 1762 1024 1826 exemplum
1051 1762 1430 1824 stichomythiae
1463 1767 1752 1825 argumento
1777 1763 1829 1810 in
1856 1777 1960 1812 cor·

278 1861 398 1908 pora
424 1847 701 1909 aequabilia
726 1847 916 1896 divisae
943 1863 1003 1896 ne
1028 1847 1078 1895 in
1104 1848 1165 1895 iis
1193 1847 1389 1910 quidem
1416 1847 1539 1897 locis
1567 1852 1713 1908 extat,
1742 1847 1825 1910 qui
1850 1847 1959 1896 lon-
2045 1865 2055 1909 J

277 1946 385 1992 gam
423 1932 762 1994 quaestionum
799 1933 976 1981 seriem
1013 1932 1319 1981 continentes
1346 1932 1489 1982 facile
1516 1933 1687 1981 ordine
1713 1930 1958 1995 aequabili

277 2015 462 2064 institui
498 2021 747 2079 poterant,
784 2018 918 2066 velut
948 2017 1084 2066 Pers.
1116 2019 1409 2077 704—739,
1447 2018 1532 2067 ubi
1567 2033 1652 2067 sex
1678 2017 1814 2065 Darii
1847 2017 1960 2066 toti·

278 2100 482 2163 demque
510 2102 722 2151 Atossae
759 2104 1029 2151 tetrametri
1065 2108 1113 2151 et
1149 2103 1414 2152 duodecies
1441 2103 1544 2152 bini
1578 2118 1750 2152 versus
1778 2103 1960 2151 sticho-

277 2186 500 2247 mythici,
535 2202 657 2250 quos
686 2187 861 2235 deinde
894 2191 954 2236 14
983 2194 1032 2236 et
1060 2190 1087 2236 6
1115 2203 1288 2237 versus
1317 2189 1664 2252 insequuntur,
1701 2188 1750 2236 in
1777 2188 1961 2238 ultimis
2053 2250 2055 2254 Α

277 2275 461 2318 tantum
488 2273 712 2321 versibus
738 2287 992 2321 numerum
1025 2274 1271 2321 senarium
1309 2273 1709 2335 distinguendum
1744 2288 1843 2322 non
1875 2273 1960 2322 ad·

278 2355 471 2403 mittunt
506 2357 860 2420 manifestoque
895 2359 965 2406 ita
999 2358 1247 2407 distributi
1281 2363 1418 2407 sunt:
1459 2361 1502 2407 6.
1536 2361 1562 2408 6
1575 2378 1588 2419 3
1628 2361 1655 2407 3
1690 2369 1746 2406 ><
1779 2358 1852 2420 (1.
1887 2358 1961 2422 1);

282 2442 308 2486 3
342 2452 395 2486 ><
439 2441 618 2502 (1.1);
658 2447 683 2491 3
719 2441 1064 2508 ><(1.1).1;
1110 2448 1149 2491 1.
1191 2442 1346 2504 (1.1)
1387 2454 1443 2490 ><
1479 2445 1524 2492 2.
1583 2442 1684 2493 Nec
1719 2445 1960 2508 aptiorem

281 2525 587 2585 partitionem
631 2529 838 2591 praebet
874 2528 1010 2578 Ionis
1055 2534 1102 2577 et
1140 2528 1418 2577 Promethei
1464 2529 1761 2592 colloquium
1797 2529 1959 2578 Prom.

284 2610 580 2659 758—782:
610 2611 673 2674 (1.
707 2611 749 2677 1)
783 2625 839 2661 ><
878 2618 955 2663 11.
990 2619 1032 2664 1.
1063 2616 1118 2674 2,
1156 2628 1279 2677 quos
1308 2629 1365 2662 ex
1392 2615 1746 2663 sententiarum
1771 2615 1962 2663 ratione

281 2692 348 2739 ita
374 2693 659 2745 distribuas:
703 2700 730 2746 2
764 2699 1034 2764 ><(1.1);
1077 2701 1104 2748 2
1138 2695 1413 2763 ><(1.1);
1459 2700 1487 2747 2
1521 2694 1797 2766 ><(1.1);
1838 2702 1866 2750 3
1898 2710 1956 2748 ><
2047 2718 2053 2727 ·

281 2774 350 2837 (1.
380 2777 452 2841 1);
489 2779 559 2839 (1.
588 2781 634 2845 1)
666 2795 720 2830 ><
756 2786 801 2832 2.
831 2786 876 2844 2,
905 2785 984 2832 vel
1011 2800 1095 2833 rex
1121 2784 1369 2833 Danaides
1397 2784 1458 2833 de
1484 2785 1624 2848 prole
1650 2785 1787 2834 Ionis
1812 2784 1961 2833 inter-

281 2878 460 2924 rogans
488 2863 657 2928 Suppl.
686 2869 979 2928 278—309,
1009 2870 1086 2918 vel
1113 2870 1322 2933 quodvis
1349 2869 1480 2918 aliud
1508 2869 1783 2932 exemplum
1808 2870 1960 2918 maio-

281 2947 348 2996 ris
375 2948 604 2997 ambitus.

386 3032 691 3082 Postremum
727 3036 984 3086 dicendum
1020 3044 1096 3089 est
1130 3038 1190 3088 de
1225 3040 1573 3103 aequabilitate
1605 3039 1822 3104 plurium
1853 3055 1959 3089 ora-

284 3116 467 3165 tionum
505 3119 702 3167 maioris
740 3122 950 3172 ambitus
985 3124 1187 3186 paribus
1224 3125 1438 3174 numeris
1473 3125 1600 3174 inter
1625 3139 1677 3173 se
1705 3125 1959 3188 opposita-
