2055 3589
944 91 975 143 5

117 269 248 317 tione
273 266 579 325 definiantur,
608 270 706 314 tum
734 267 927 325 addam,
965 267 1012 314 in
1041 266 1216 328 quibus
1242 255 1396 312 altera
1422 264 1498 312 vel
1527 265 1692 326 plures
1719 265 1790 313 di-

120 353 322 401 visionis
349 366 526 399 causae
553 352 799 399 accedant.
840 352 934 400 Sed
958 353 1004 399 in
1026 350 1288 413 generibus
1311 349 1618 411 periodorum
1647 351 1707 397 ab
1735 364 1793 397 ea

119 435 358 485 divisione
386 451 509 498 quae
538 442 690 484 metro
718 436 956 484 efficiatur
991 435 1167 493 ordiar,
1204 434 1386 496 quippe
1414 433 1550 488 cuius
1577 434 1791 482 rationes

119 526 344 569 externae
371 522 620 583 aliquanto
649 521 880 569 clariores
908 521 1237 580 certioresque
1265 519 1384 576 sint,
1422 533 1566 579 quam
1594 532 1717 580 quae
1743 518 1793 565 in

120 606 393 668 argumenti
419 611 553 654 motu
581 611 629 654 et
655 606 890 654 varietate
917 605 1146 653 nitantur.

706 814 774 863 A.
820 814 1200 864 ANAPAESTI.

225 945 494 1007 Anapaesti
534 944 681 1005 igitur
718 944 943 1006 rhythmo
982 944 1086 1007 pari
1128 957 1297 991 severe
1336 944 1533 990 servato
1573 940 1794 1002 singulos

121 1030 372 1087 dimetros,
389 1030 566 1091 quibus
587 1029 826 1077 interdum
851 1028 1079 1091 dipodiae
1103 1028 1378 1090 singulares
1400 1026 1645 1074 immixtae
1667 1032 1794 1084 sunt,

121 1122 221 1163 tam
248 1122 378 1162 arcte
406 1118 678 1173 conectunt,
716 1119 767 1162 ut
802 1129 889 1162 nec
926 1114 1116 1176 syllaba
1141 1128 1324 1177 anceps
1352 1127 1437 1160 nec
1462 1111 1625 1159 hiatus
1651 1111 1795 1159 inter-

122 1199 285 1257 cedat,
326 1199 555 1247 desinunt
592 1203 753 1246 autem
794 1196 1006 1246 dimetro
1047 1196 1361 1246 catalectico,
1420 1197 1579 1258 Atque
1617 1196 1659 1244 is
1686 1195 1795 1244 finis

119 1284 348 1332 metricus
386 1298 580 1346 semper
615 1283 896 1339 adhibetur,
935 1283 1016 1330 ubi
1055 1283 1132 1331 vel
1169 1283 1299 1330 aliud
1332 1286 1539 1330 metrum
1565 1281 1797 1340 succedit,

120 1369 197 1418 vel
224 1384 353 1416 nova
379 1383 496 1431 pars
523 1367 801 1431 tragoediae
828 1368 1000 1430 incipit
1021 1366 1178 1427 (velut
1198 1368 1281 1416 ubi
1303 1382 1430 1415 nova
1449 1380 1663 1429 persona
1683 1381 1796 1429 pro—

120 1453 190 1501 dit
215 1454 388 1516 Agam.
415 1455 494 1501 82.
522 1453 657 1501 Pers.
687 1455 797 1500 149.
827 1452 961 1515 Sept.
988 1451 1128 1512 347),
1157 1452 1233 1500 vel
1261 1452 1467 1514 denique
1494 1453 1540 1500 in
1563 1466 1797 1515 persona-

118 1555 225 1586 rum
254 1538 456 1587 vicibus
512 1537 693 1587 Contra
718 1538 839 1586 fines
869 1538 1234 1595 sententiarum,
1263 1538 1486 1599 quamvis
1513 1537 1798 1601 plerumque

119 1623 428 1686 paroemiaco
465 1628 714 1681 notentur,
751 1628 914 1671 tamen
951 1623 1095 1670 etiam
1131 1623 1304 1671 mediis
1331 1623 1380 1670 in
1409 1622 1691 1686 systematis
1720 1637 1797 1670 oc-

121 1723 310 1756 currere
345 1714 512 1756 notum
549 1713 647 1767 est3
694 1707 779 1755 sed
825 1712 1203 1756 consentaneum
1249 1712 1346 1765 est,
1392 1723 1476 1757 eas
1520 1707 1798 1767 incisioneS,

120 1794 296 1856 quibus
332 1792 627 1857 paroemiaci
664 1808 759 1840 non
796 1793 1052 1851 accedant,
1090 1783 1179 1856 Per
1213 1807 1266 1841 se
1302 1794 1350 1840 in
1379 1793 1660 1856 systematis
1689 1808 1799 1855 par-

120 1879 300 1926 tiendis
328 1879 448 1926 nihil
474 1878 651 1926 valere.
711 1878 901 1926 Etenim
937 1877 1042 1926 sine
1068 1878 1278 1926 utilitate
1306 1879 1518 1927 editores
1544 1891 1799 1925 monome-

121 1970 256 2011 trum
282 1964 344 2011 ab
372 1964 690 2025 sequentibus
719 1963 1002 2026 anapaestis
1031 1963 1379 2020 distinxerunt,
1420 1963 1505 2011 ubi
1531 1963 1800 2011 sententiae

120 2049 168 2096 in
197 2048 383 2096 medias
412 2048 640 2111 dipodias
667 2048 951 2106 inciderent,
980 2062 1067 2095 nec
1092 2052 1256 2096 tamen
1285 2047 1487 2110 dipodia
1513 2052 1707 2111 praeter
1728 2047 1799 2095 di-

122 2138 303 2182 metros
339 2137 572 2191 restaret3
611 2133 738 2195 quod
775 2148 914 2181 nemo
942 2133 1243 2194 frequentius
1269 2133 1384 2181 fecit
1410 2148 1553 2195 quam
1582 2132 1800 2190 Weilius‚

121 2219 202 2280 qui
238 2222 567 2266 monometros
607 2217 775 2265 statuit
810 2217 1052 2266 notandos
1090 2232 1224 2276 esse,
1262 2218 1344 2265 ubi
1372 2218 1447 2266 vel
1476 2218 1677 2266 verbum
1714 2218 1801 2266 ali-

120 2303 248 2365 quod
277 2302 596 2366 premendum
622 2303 700 2351 vel
728 2303 951 2351 notiones
984 2308 1068 2350 aut
1102 2303 1385 2351 coniunctae
1421 2307 1505 2350 aut
1540 2303 1801 2366 oppositae

121 2388 488 2451 componendae
507 2388 619 2436 sint.
655 2388 720 2436 At
742 2388 784 2436 si
806 2403 973 2436 omnes
996 2389 1344 2436 sententiarum
1366 2387 1628 2436 incisiones
1651 2388 1800 2449 signi-

122 2473 339 2521 ficandae
368 2478 504 2533 sunt,
542 2473 657 2535 quid
685 2473 942 2532 faciemuS,
981 2474 1022 2522 si
1048 2474 1492 2537 interpunctioneS,
1529 2473 1656 2535 quod
1692 2488 1801 2537 per-

124 2573 273 2621 saepe
300 2558 376 2617 fit,
412 2559 461 2606 in
498 2559 686 2607 medias
714 2559 941 2622 dipodias
969 2559 1214 2616 incidunt,
1251 2558 1384 2606 velut
1418 2573 1478 2606 ne
1503 2558 1628 2606 ultra
1655 2574 1800 2606 unum

125 2648 444 2705 systematum
474 2659 650 2706 corpus
679 2645 927 2706 egrediar,
963 2645 1136 2706 Agam.
1169 2645 1247 2691 62.
1278 2641 1358 2691 68.
1390 2645 1469 2691 74.
1501 2645 1580 2692 78.
1612 2647 1690 2692 81.
1721 2646 1801 2692 83.

128 2729 209 2776 85.
241 2729 336 2775 39?
400 2728 493 2776 Sed
534 2729 733 2777 Weilius
773 2744 832 2776 ne
878 2730 999 2777 satis
1045 2729 1238 2790 quidem
1285 2732 1564 2776 constanter
1608 2733 1803 2777 secutus

128 2818 202 2861 est
229 2813 446 2874 regulam
476 2828 614 2862 suam
644 2814 1009 2875 sententiasque
1037 2814 1246 2861 maxima
1280 2813 1669 2877 interpunctione
1704 2813 1803 2861 dis-

128 2903 287 2947 cretas
333 2899 378 2945 in
423 2915 571 2946 unum
617 2899 872 2946 dimetrum
920 2899 1149 2947 conflavit
1189 2897 1405 2962 Choeph.
1438 2902 1551 2946 310.
1611 2898 1806 2946 Scilicet

129 2988 483 3032 monometrum
520 2984 584 3032 ibi
622 2990 808 3032 tantum
836 2985 1047 3041 notavit,
1081 2984 1162 3031 ubi
1189 2989 1460 3046 systemata
1484 2999 1580 3031 una
1605 2983 1806 3046 dipodia

132 3069 368 3116 distantia
393 3070 435 3117 ei
463 3070 719 3131 aequanda
744 3075 932 3127 essent3
972 3085 1080 3116 nam
1116 3074 1168 3117 ut
1199 3074 1467 3131 systemata
1492 3068 1806 3131 anapaestica

132 3168 225 3201 non
267 3154 451 3203 minore
489 3154 836 3217 aequabilitate
875 3155 1179 3218 adstringere
1220 3160 1391 3218 posset
1434 3169 1575 3215 quam
1620 3153 1806 3216 reliqua
