2055 3589
865 237 931 288 29

62 404 241 478 κράτος
261 445 296 455 ..
319 403 608 477 συγγένοιτό
636 423 711 455 σοι
736 422 832 455 non
852 408 923 455 ad
949 409 1184 457 honorem
1212 410 1366 458 sorori
1395 410 1751 458 restituendum

63 494 152 544 sed
190 493 253 541 ad
293 493 492 540 domum
529 491 914 554 recuperandam
959 494 1218 556 pertineat.
1278 491 1420 553 Quod
1465 498 1596 542 recte
1640 509 1752 556 per-

63 577 225 641 spexit
250 576 588 625 Rossbachius
616 577 664 622 in
692 590 857 638 progr.
886 576 1087 625 Vratisl,
1122 578 1270 634 1859,
1304 577 1384 639 qui
1411 582 1574 626 tamen
1601 578 1752 626 maio-

60 676 141 710 res
167 662 339 709 turbas
368 661 412 708 ei
438 660 545 708 loco
573 662 728 708 movit
754 661 978 709 versibus
1008 662 1184 709 235-
1203 662 1302 708 240
1339 676 1446 708 cum
1479 663 1755 724 praemissa

62 745 415 794 exclamatione
445 744 517 790 ἰοῦ
547 745 619 790 ἰοῦ
646 749 760 792 ante
778 761 824 792 v.
842 747 940 794 230
962 744 1255 802 inserendiS‚
1279 745 1466 793 scilicet
1486 761 1545 794 ne
1560 746 1755 794 Electra

63 846 94 878 a
118 830 266 877 fratre
292 829 642 891 reprimeretur
662 829 950 890 priusquam
979 830 1210 891 gaudium
1238 844 1379 877 suum
1407 829 1752 891 significasset.

62 913 269 962 Secutus
305 917 382 960 est
410 911 611 960 Weilius
650 913 834 960 omisso
872 913 955 961 illo
997 914 1069 959 ἰοῦ
1107 914 1191 960 ἰοῦ.
1221 969 1226 972 .
1254 914 1321 962 At
1357 929 1417 962 ne
1457 928 1516 962 ea
1559 914 1756 976 quidem

63 999 215 1047 verba
250 1011 374 1059 quae
411 1001 753 1060 praeponunt,
788 1001 889 1044 tam
924 998 1239 1046 vehementer
1272 998 1589 1047 exclamantis
1626 1004 1755 1057 sunt,

63 1087 117 1131 ut
140 1083 291 1130 frater
315 1081 376 1129 de
402 1086 557 1129 matre
587 1081 807 1129 cavenda
832 1082 1128 1129 mentionem
1156 1082 1337 1130 inicere
1366 1083 1627 1145 potuisset,
1668 1082 1755 1131 sed

65 1167 231 1229 potius
258 1180 474 1213 amorem
503 1165 819 1227 tranquillum
847 1166 1138 1228 exprimunt.
1191 1166 1363 1228 Itaque
1392 1182 1501 1215 cum
1529 1183 1607 1216 vv.
1639 1169 1754 1215 230.

66 1252 161 1299 231
202 1265 300 1297 non
342 1250 499 1298 solum
541 1249 604 1296 ad
641 1249 883 1297 Electram
925 1265 1044 1313 prae
1087 1251 1264 1311 gaudio
1306 1251 1628 1310 exultantem,
1671 1251 1757 1300 sed

64 1334 211 1382 etiam
245 1334 309 1381 ad
347 1338 712 1396 stupescentem
749 1342 797 1381 et
829 1340 883 1381 ut
920 1335 1253 1383 necessarium
1294 1335 1551 1384 consilium
1594 1336 1759 1399 capiat

62 1419 392 1467 revocandam
427 1419 597 1466 referri
634 1419 852 1481 possint,
888 1419 1197 1467 retinendum
1235 1434 1345 1467 esse
1381 1424 1501 1483 puto
1537 1421 1754 1470 ordinem

64 1503 317 1552 librorum.

171 1587 268 1636 Sed
296 1593 494 1651 praeter
520 1588 753 1650 aequales
781 1603 1013 1637 versuum
1039 1604 1267 1638 numeros
1295 1590 1440 1638 etiam
1474 1588 1758 1651 inaequales

65 1673 193 1720 inter
220 1687 273 1721 se
301 1673 517 1734 oppositi
542 1677 844 1736 repetuntur.
903 1672 981 1721 Ita
1009 1688 1123 1721 cum
1147 1671 1367 1739 sinyulis
1392 1670 1623 1722 versibus
1653 1670 1763 1720 bini

66 1757 328 1820 compositi
363 1763 479 1806 sunt
512 1757 673 1805 Prom.
703 1753 767 1805 39
808 1757 893 1817 (><
932 1754 1035 1821 14).
1078 1761 1175 1806 383
1215 1758 1300 1818 (><
1335 1757 1405 1821 2).
1447 1760 1546 1806 975
1576 1755 1657 1820 (><
1692 1755 1759 1819 2),

65 1841 135 1889 ita
161 1840 381 1905 Choeph.
412 1843 514 1890 884
551 1838 717 1889 tribus
754 1842 981 1890 versibus
1009 1841 1429 1904 Clytaemnestrae
1455 1843 1759 1904 totidemque

65 1925 267 1990 Pyladis
317 1927 561 1974 contraria
609 1926 913 1974 monentium
967 1925 1189 1975 Orestem
1239 1924 1470 1993 sinqulos
1520 1927 1760 1986 subicere,

67 2025 272 2073 quorum
324 2011 450 2058 alter
493 2011 691 2073 quidem
735 2027 764 2058 a
808 2011 1130 2073 sequentibus
1175 2016 1405 2073 quattuor
1448 2011 1510 2059 ad
1554 2015 1760 2059 matrem

69 2095 212 2143 dictis
240 2095 605 2144 abscindendus
637 2094 717 2156 sit,
746 2095 949 2144 Weilius
976 2101 1117 2143 acute
1144 2096 1506 2144 animadvertit.

174 2179 276 2227 Iam
305 2181 473 2241 quaeri
499 2183 676 2242 potest,
706 2197 775 2227 cm
800 2177 1187 2245 stickotizytlu'ae
1215 2178 1294 2228 lex
1328 2176 1647 2228 inviolabilis
1677 2178 1759 2226 sit.

68 2264 229 2326 Atque
267 2279 384 2312 sane
416 2279 524 2312 eam
550 2265 949 2327 aequabilitatem
976 2281 1005 2312 a
1030 2266 1194 2327 poetis
1223 2266 1299 2313 vel
1327 2265 1602 2327 quaesitam
1630 2280 1759 2325 esse,

69 2349 283 2411 probant
303 2363 475 2396 versus
498 2350 680 2411 singuli
708 2350 918 2411 singulis
945 2351 1072 2398 inter
1099 2365 1152 2398 se
1181 2350 1423 2398 sententia
1448 2350 1586 2398 nexis
1613 2349 1759 2397 inter-

67 2433 196 2491 iecti,
224 2447 349 2496 quae
375 2434 708 2497 interpellatio
737 2449 843 2482 cum
872 2435 1166 2497 aliquotiens
1193 2435 1345 2482 motui
1374 2434 1566 2482 cuidam
1598 2434 1758 2497 expri-

68 2517 245 2565 mendo
272 2519 511 2566 inservire
538 2519 715 2581 possit,
744 2519 879 2566 velut
905 2518 1039 2567 Pers.
1070 2520 1185 2566 736.
1227 2518 1360 2581 Sept.
1390 2521 1505 2567 786.
1537 2520 1653 2577 788,
1689 2523 1760 2567 ta-

69 2616 181 2650 men
209 2603 352 2650 etiam
388 2603 456 2650 ibi
492 2603 762 2666 reperitur,
801 2604 882 2651 ubi
908 2603 1223 2664 tranquillum
1254 2603 1549 2665 colloquium
1576 2603 1760 2651 nullam

70 2699 271 2734 causam
310 2688 552 2735 sermonis
592 2687 943 2750 interpellandi
980 2687 1144 2735 habet.
1204 2686 1310 2747 Quo
1357 2689 1601 2750 pertinere
1640 2687 1763 2735 vidit

69 2768 422 2829 FirnhaberuS,
445 2771 493 2818 in
511 2771 696 2819 diurnis
717 2773 868 2833 antiq.
887 2788 930 2818 a.
950 2774 1097 2819 1841.
1120 2770 1178 2819 N.
1199 2774 1419 2820 110.111
1443 2787 1500 2820 ex
1513 2772 1761 2834 Aeschylo

68 2853 220 2903 haece
248 2855 471 2916 exempla
499 2855 717 2917 Choeph.
742 2858 854 2904 109.
877 2859 988 2903 111.
1016 2855 1155 2903 Eum.
1174 2857 1290 2913 412,
1319 2857 1496 2919 quibus
1523 2857 1764 2904 accedunt

71 2938 242 3002 Suppl.
263 2942 379 2987 443.
410 2941 509 2986 445
540 2945 587 2987 et
614 2939 831 3003 Choeph.
861 2956 907 2989 v.
932 2942 1029 2988 522
1047 2977 1057 2997 ,
1095 2940 1143 2987 in
1171 2955 1267 3002 quo
1293 2940 1402 2989 loco
1428 2941 1638 2990 fortasse
1663 2955 1763 2988 non

72 3038 178 3071 cum
202 3023 483 3072 Hermanno
506 3040 550 3072 v.
570 3027 665 3072 521
694 3012 735 3071 δ’
754 3026 1087 3080 inserendum,
1117 3025 1204 3074 sed
1230 3041 1277 3074 v.
1296 3027 1393 3074 523
1422 3041 1510 3088 pro
1538 3022 1587 3071 ἐν
1609 3040 1761 3092 σπαρ-

73 3103 265 3176 γάνοισι
293 3108 554 3170 legendum
584 3114 661 3157 est
687 3109 736 3156 ἐν
764 3104 1057 3177 σπαργάνοις
1083 3125 1153 3157 τε.

182 3192 320 3241 Idem
338 3192 672 3241 Firnhaberus
701 3209 816 3242 vero
845 3208 952 3241 cum
979 3198 1197 3255 negaret,
1222 3194 1383 3256 legem
1410 3194 1624 3256 aliquam
1650 3207 1762 3242 esse

75 3276 471 3339 stichomythiae,
500 3278 739 3341 exemplis
761 3294 818 3326 ex
839 3277 1080 3340 Sophocle
1103 3283 1151 3327 et
1167 3278 1403 3341 Euripide
1424 3278 1605 3340 petitiS,
1632 3277 1762 3339 quod
