2055 3589
823 55 914 126 ‘35

52 265 195 314 quam
229 252 425 313 praeter
458 248 592 296 locos
625 247 1027 310 stichomythicos
1053 245 1198 294 etiam
1225 258 1351 293 unus
1376 259 1550 293 versus
1578 245 1724 293 choro

51 334 280 384 tribuitur
306 335 422 392 746,
461 333 556 381 duo
587 333 702 391 698,
737 337 838 380 tres
867 332 982 379 257.
1035 328 1188 390 Quam
1219 329 1514 392 quaternarii
1539 329 1725 377 numeri

49 418 391 482 repetitionem
426 418 508 480 qui
541 417 809 466 novissime
841 415 1028 477 tetigit,
1065 414 1364 463 Ribbeckius
1390 414 1587 482 repetiit
1614 427 1726 461 con-

51 505 285 552 iecturam
312 502 554 550 Welckeri
581 516 832 550 numerum
859 499 995 548 illum
1024 514 1081 547 ex
1106 498 1300 561 agmine
1328 499 1565 561 quadrato
1594 498 1728 545 chori

52 587 359 651 explicantiS.
411 586 550 648 Quod
579 586 821 649 quomodo
847 584 952 633 fieri
979 583 1160 647 possit,
1201 583 1427 646 equidem
1461 598 1561 631 non
1585 582 1727 630 intel-

50 672 176 734 ligo,
212 672 308 720 nisi
343 672 466 720 forte
501 671 685 732 singuli
719 685 892 719 versus
927 669 1121 718 illorum
1158 668 1529 731 quaternionum
1557 668 1728 715 arctis-

51 757 173 805 sime
206 757 335 805 inter
368 771 421 804 se
446 770 677 803 nexorum
706 755 914 817 singulis
942 754 1186 803 choreutis
1212 753 1456 801 tribuendi
1483 752 1574 800 visi
1603 756 1727 800 sunt.

51 841 148 890 Sed
175 842 372 890 omnino
400 841 766 903 quaternarium
793 855 1045 888 numerum
1066 838 1342 900 Aeschylus
1369 837 1416 885 in
1440 836 1729 885 Prometheo

50 926 310 974 adamasse
337 926 552 985 videtur,
588 930 641 973 ut
675 925 821 973 etiam
856 929 1074 973 actorum
1111 919 1266 990 ῥήσεις
1298 922 1383 970 illo
1411 922 1729 986 comprehen-

51 1010 190 1059 deret
216 1012 331 1059 395.
362 1012 478 1059 513.
508 1011 624 1058 524.
655 1011 770 1058 589.
802 1011 917 1058 610.

156 1095 324 1143 Simile
351 1099 510 1143 autem
536 1094 809 1158 exemplum
832 1094 1016 1142 numeri
1041 1092 1261 1155 aequalis
1283 1107 1510 1141 versuum
1533 1107 1563 1138 a
1583 1091 1730 1139 choro

51 1181 232 1228 actoris
291 1180 594 1228 orationibus
653 1179 960 1241 longioribus
1019 1178 1321 1226 adiectorum
1379 1181 1511 1225 extat
1557 1177 1730 1237 Agam.

58 1267 205 1312 1157.
241 1266 386 1312 1201.
421 1266 577 1323 1254,
617 1265 794 1326 quibus
821 1263 1025 1311 Weilius
1059 1278 1138 1310 vv.
1173 1263 1515 1310 1287-1290
1554 1261 1733 1309 addere

51 1347 230 1407 voluit;
263 1348 469 1406 frustra,
507 1363 612 1396 cum
647 1348 925 1397 mortalium
951 1347 1134 1395 misera
1161 1347 1375 1395 conditio
1403 1347 1632 1395 secundis
1657 1361 1733 1394 re-

51 1433 143 1481 bus
171 1433 311 1497 quasi
339 1434 539 1482 umbrae
563 1433 755 1482 cuidam
776 1433 1024 1492 similium,
1052 1431 1275 1480 adversis
1299 1432 1504 1480 obscure
1525 1446 1733 1495 pereun-

50 1519 172 1566 tium
198 1518 395 1580 egregie
421 1534 452 1566 a
471 1518 661 1580 virgine
688 1519 904 1583 superba
930 1517 1228 1581 deploretur,
1256 1511 1435 1565 chorus
1462 1522 1622 1564 autem
1653 1531 1735 1564 cur

52 1604 212 1665 magis
241 1618 384 1666 quam
411 1603 720 1652 Cassandrae
748 1608 930 1652 sortem
955 1617 1035 1651 res
1060 1603 1300 1650 humanas
1334 1616 1388 1651 se
1414 1601 1636 1650 miserari
1663 1601 1734 1649 di-

52 1692 131 1735 cat
154 1703 250 1736 non
277 1693 533 1752 appareat.

159 1772 414 1822 Caeterum
445 1771 744 1838 compositio
771 1771 1031 1821 minorum
1059 1771 1353 1821 orationum
1381 1787 1495 1821 cum
1520 1769 1735 1820 maiori-

56 1853 148 1906 bus
174 1858 293 1906 nulli
327 1861 487 1906 certae
521 1858 722 1919 regulae
760 1858 983 1905 subiecta
1019 1862 1117 1906 est:
1153 1857 1248 1906 nisi
1284 1857 1412 1920 quod
1451 1857 1737 1920 plerumque

52 1943 220 2006 plures
255 1957 430 1991 versus
468 1943 596 1991 inter
633 1942 844 1990 maiores
886 1938 1042 2005 ῥήσεις
1080 1942 1321 1991 interiecti
1364 1943 1738 2004 coniunguntur,

53 2042 113 2075 ne
140 2028 292 2075 nimia
316 2027 543 2076 videatur
568 2028 902 2091 discrepant-ia
926 2028 1199 2075 orationum
1239 2028 1366 2075 inter
1399 2043 1452 2076 se
1487 2028 1738 2090 opposita-

52 2128 186 2171 rum3
222 2127 517 2175 quamquam
545 2117 742 2177 praeter
767 2113 942 2175 Agam.
967 2114 1125 2173 1280,
1162 2128 1256 2175 quo
1283 2112 1593 2161 Hermannus
1620 2128 1738 2160 usus

55 2200 146 2256 est,
172 2201 226 2245 ut
253 2196 473 2261 Choeph.
498 2200 615 2259 546,
643 2213 786 2261 quem
811 2198 924 2246 libri
951 2213 1058 2246 cum
1086 2214 1131 2247 v.
1157 2200 1255 2247 548
1285 2199 1585 2260 coniungunt
1611 2197 1739 2245 nude

54 2296 85 2328 a
109 2295 162 2329 se
190 2283 407 2345 positum
434 2283 733 2343 defenderet,
763 2283 908 2331 etiam
938 2282 1159 2347 Ghoeph.
1188 2299 1234 2332 v.
1266 2280 1364 2332 643
1394 2283 1529 2331 solus
1556 2283 1682 2330 inter
1710 2286 1739 2329 4

54 2370 104 2414 et
134 2369 194 2414 10
221 2382 394 2416 versus
420 2368 677 2431 inseritur,
711 2368 754 2416 is
791 2368 987 2430 quidem
1023 2382 1122 2416 non
1157 2368 1304 2417 choro
1342 2368 1428 2417 sed
1467 2367 1619 2416 actori
1656 2367 1738 2414 tri·

52 2451 217 2500 butus.

158 2535 256 2585 Sed
279 2537 331 2585 in
355 2538 600 2598 omnibus,
628 2552 750 2600 quas
777 2538 938 2587 adhuc
965 2538 1178 2586 vidimus
1203 2537 1613 2601 responsionibus
1641 2538 1738 2586 sin-

55 2621 199 2682 gulae
227 2618 383 2690 ῥῆσεις
408 2623 536 2671 inter
563 2637 615 2671 se
644 2624 1080 2686 comparabantur3
1107 2623 1204 2670 iam
1231 2622 1290 2670 ad
1315 2623 1538 2686 exempla
1560 2638 1738 2688 corpo-

54 2719 173 2752 rum
210 2703 566 2771 aequabilium
604 2721 665 2755 ex
696 2703 942 2773 pluribus
983 2702 1304 2755 orationibus
1344 2706 1740 2773 compositormn

56 2803 346 2852 pergamus3
384 2805 588 2853 quorum
617 2793 878 2856 responsio
913 2796 1075 2840 tamen
1104 2806 1200 2840 non
1227 2792 1420 2840 videtur
1454 2798 1587 2841 certa
1612 2808 1739 2852 esse,

54 2872 162 2922 nisi
196 2873 350 2923 etiam
385 2873 624 2940 sinyulae
668 2875 926 2926 orationes
968 2875 1024 2925 in
1067 2882 1293 2942 utraque
1333 2883 1486 2942 parte
1527 2892 1738 2942 respon·

58 2955 190 3007 dent.
249 2957 355 3020 Quo
382 2960 597 3022 pertinet
621 2960 780 3010 Prom.
812 2963 1104 3019 614—631,
1142 2977 1283 3024 quem
1318 2963 1477 3010 locum
1505 2977 1611 3010 cum
1643 2963 1740 3009 iam

56 3042 366 3092 Hermannus
406 3045 455 3092 in
495 3045 894 3095 adnotationibus
931 3046 1200 3108 tetigisset,
1241 3047 1417 3096 deinde
1442 3047 1741 3095 Ribbeckius

58 3129 254 3190 egregie
289 3129 569 3192 explicavit.
620 3130 704 3179 Bis
743 3131 868 3179 enim
908 3131 1240 3193 singularibus
1266 3133 1491 3180 versibus
1523 3132 1740 3194 septenis

1350 3212 1405 3252 3*
