2055 3589
1103 219 1169 270 22

288 402 470 454 essent,
498 395 716 444 carmina
740 393 1035 452 intericeret,
1071 392 1159 441 sed
1190 391 1418 454 episodia
1444 391 1669 441 distinxit
1692 393 1982 456 anapaestis

287 483 461 545 Suppl.
490 478 587 528 933
606 505 653 511 —
675 480 792 537 948,
831 477 1052 540 Choeph.
1083 478 1258 524 705—
1278 478 1402 533 715;
1438 476 1730 538 quibuscum
1756 478 1906 526 iambi
1933 481 1984 526 et

288 565 504 614 trochaei
539 564 883 611 choreutarum
920 563 981 610 ob
1020 562 1262 609 clamores
1298 575 1426 622 pone
1454 575 1685 609 scaenam
1711 562 1871 611 editos
1896 577 1980 610 ex-

286 651 539 699 citatorum
581 648 824 695 coniuncti
865 652 979 694 sunt
1019 646 1586 706 Agau1.l291—-133l,
1628 645 1847 710 Choeph.
1879 649 1977 696 841

286 736 489 791 —8613
527 732 640 793 quin
679 732 824 779 etiam
861 746 968 778 cum
1005 730 1183 778 chorus
1221 730 1422 778 abesset
1451 731 1528 778 vel
1567 735 1754 778 taceret
1788 735 1981 780 actores

286 833 512 867 scaenam
540 817 816 879 relinquere
845 815 959 862 fecit
984 815 1031 861 in
1061 813 1268 876 prologo
1295 813 1623 863 Eumenidum
1650 819 1768 878 post
1793 830 1872 862 vv.
1898 817 1979 864 34.

289 905 367 951 65,
399 904 480 950 96.

388 986 562 1047 Itaque
599 1000 706 1032 cum
743 983 943 1046 partitio
980 984 1214 1045 actionis,
1251 998 1378 1045 quae
1405 983 1763 1046 prodeuntibus
1790 985 1866 1033 vel
1894 985 1981 1034 ab·

285 1070 599 1120 scedentibus
625 1069 874 1117 actoribus
904 1067 1168 1126 efficiatur,
1206 1083 1305 1116 non
1343 1083 1540 1132 semper
1576 1070 1839 1117 conveniat
1872 1084 1982 1118 cum

285 1171 356 1215 ea,
384 1169 507 1217 quae
536 1170 591 1202 ex
620 1153 919 1202 carminibus
945 1153 1218 1201 interiectis
1254 1153 1487 1216 prodeat,
1524 1158 1724 1216 praeter
1758 1154 1985 1217 episodia

283 1240 428 1288 etiam
466 1239 548 1287 ubi
585 1239 719 1286 nulla
754 1244 1017 1286 metrorum
1056 1239 1324 1287 mutatione
1358 1239 1487 1286 facta
1513 1253 1731 1301 persona
1755 1239 1982 1302 prodeat,

283 1326 387 1373 sive
414 1326 508 1372 iam
536 1324 693 1371 altera
718 1338 989 1386 progressa
1016 1324 1119 1370 sive
1148 1338 1305 1370 vacua
1331 1338 1526 1382 scaena,
1556 1330 1724 1386 partes
1753 1325 1981 1386 quamvis

281 1409 484 1458 minoris
521 1410 716 1470 generis
753 1408 1059 1456 definiemus.
1118 1407 1213 1455 Sed
1250 1423 1401 1471 saepe
1437 1424 1532 1456 non
1559 1409 1630 1456 ita
1654 1409 1800 1456 facile
1829 1409 1979 1457 statui

283 1501 474 1557 potest,
515 1509 572 1542 ex
606 1507 818 1555 quonam
858 1507 1003 1540 versu
1040 1508 1168 1540 nora
1196 1507 1311 1555 pars
1337 1493 1559 1556 incipiat.
1618 1492 1743 1540 Nam
1772 1494 1864 1541 etsi
1891 1494 1979 1541 ali·
2052 1499 2055 1502 ’

282 1580 506 1641 quotiens
544 1593 638 1625 non
675 1577 1017 1639 significantur
1051 1592 1296 1640 personae
1333 1577 1411 1625 vel
1449 1577 1752 1640 prodeuntes
1780 1579 1857 1627 vel
1892 1579 1979 1628 ab·

282 1670 481 1723 euntes,
517 1663 671 1710 nuntii
701 1662 1040 1725 potissimum,
1069 1663 1152 1724 qui
1177 1677 1229 1710 re
1256 1662 1413 1709 relata
1438 1677 1535 1709 non
1562 1663 1778 1725 amplius
1807 1678 1980 1712 curan-

281 1753 382 1805 tur,
421 1747 553 1794 velut
587 1747 722 1809 Sept.
755 1749 834 1795 68.
868 1749 993 1805 633,
1035 1747 1326 1810 plerumque
1360 1752 1524 1794 tamen
1565 1747 1644 1795 vel
1684 1748 1862 1797 chorus
1901 1749 1980 1797 vel

281 1838 418 1880 actor
455 1832 591 1894 prius
636 1846 934 1894 progressus
973 1831 1182 1879 alterum
1221 1832 1564 1879 advenientem
1604 1832 1865 1881 adnuntiat
1903 1834 1981 1882 vel

282 1917 542 1964 abeuntem
583 1917 922 1979 prosequitur3
963 1931 1088 1979 quae
1124 1917 1276 1964 verba
1315 1931 1408 1979 quo
1449 1917 1729 1979 pertineant
1765 1917 1980 1967 dubitari

285 2006 474 2064 potest,
512 2002 805 2064 praesertim
841 2003 884 2049 si
909 2016 1006 2049 non
1035 2002 1277 2063 integram
1305 2002 1602 2061 orationem,
1639 2002 1728 2051 sed
1754 2003 1978 2052 ultimam

285 2091 470 2133 tantum
497 2086 574 2133 vel
595 2087 802 2149 primam
826 2092 1018 2149 partem
1041 2086 1478 2149 comprehendant.
1519 2087 1661 2134 Talia
1681 2087 1826 2146 enim,
1853 2103 1980 2150 quae

284 2171 543 2218 transitum
572 2176 764 2233 parant,
797 2170 1011 2218 medium
1040 2170 1286 2233 quendam
1315 2171 1474 2219 locum
1502 2172 1725 2221 obtinere
1752 2172 1981 2221 videntur

283 2270 488 2316 eumque
509 2257 556 2302 in
578 2256 688 2304 aliis
710 2256 832 2303 locis
853 2260 1009 2303 metro
1033 2255 1287 2316 singulari,
1315 2257 1636 2318 anapaestico
1665 2257 1978 2320 potissimum

282 2344 537 2403 occupant,
565 2355 709 2402 quem
735 2346 901 2388 tamen
924 2355 1030 2388 cum
1053 2340 1289 2387 trimetris
1313 2340 1582 2389 concedere
1604 2342 1686 2389 vix
1705 2342 1977 2404 possimuS,

284 2439 367 2472 eos
395 2430 478 2471 aut
506 2425 916 2487 praecedentibus
943 2430 1028 2473 aut
1056 2425 1378 2487 sequentibus
1405 2425 1766 2475 adscribemus.
1817 2428 1978 2490 Atque

284 2524 388 2556 cum
419 2510 655 2570 quosdam
683 2511 750 2557 ita
777 2510 871 2557 hac
898 2510 1083 2573 duplici
1112 2511 1192 2557 via
1217 2510 1288 2557 uti
1318 2510 1525 2569 videam,
1555 2516 1609 2558 ut
1635 2525 1725 2574 pro
1752 2527 1978 2560 numero-

283 2609 388 2640 rum
414 2595 737 2656 responsione
765 2609 889 2656 quae
916 2601 1135 2643 actorum
1158 2594 1606 2643 adnuntiandorum
1630 2596 1706 2644 vel
1729 2596 1977 2645 dimitten-
2037 2600 2040 2602 ’

285 2678 453 2725 dorum
482 2693 630 2726 causa
651 2680 876 2727 dicautur
896 2679 1043 2728 modo
1065 2679 1327 2741 posteriori
1348 2681 1475 2742 parti
1496 2680 1642 2728 modo
1666 2682 1978 2731 antecedenti

283 2761 582 2819 adscribant,
610 2764 727 2811 mihi
753 2770 805 2812 ut
831 2764 1018 2812 firmam
1040 2764 1261 2826 regulam
1283 2765 1636 2827 praescribam,
1660 2767 1977 2816 verissimum

285 2845 499 2904 videtur,
540 2862 597 2895 ea
631 2849 802 2908 verba,
843 2850 1020 2911 quibus
1059 2850 1175 2912 ipsa
1213 2850 1545 2912 persona'vel
1582 2851 1857 2900 adveniens
1896 2853 1975 2900 vel

284 2930 453 2978 abiens
481 2932 801 2994 compelletur
827 2934 887 2981 ad
918 2949 1024 2982 eam
1053 2939 1245 2998 partem
1273 2935 1545 2996 pertinere,
1588 2937 1665 2983 cui
1690 2936 1804 2998 ipsa
1827 2936 1976 2996 adsit,

283 3014 344 3061 ad
374 3016 747 3076 praecedentem
769 3032 883 3065 vero
910 3019 987 3067 vel
1015 3024 1301 3080 sequentem
1329 3034 1456 3081 quae
1482 3019 1545 3067 ad
1571 3020 1697 3068 alias
1724 3020 1976 3080 dicantur;

285 3111 427 3157 quam
454 3100 691 3147 rationem
720 3101 782 3148 ab
809 3102 919 3164 ipso
950 3110 1098 3165 poeta
1132 3108 1380 3151 servatam
1417 3105 1666 3162 invenias,
1705 3105 1788 3152 ubi
1824 3106 1976 3154 collo-

285 3181 447 3242 quium
493 3198 600 3231 cum
645 3184 1020 3236 advenientibus
1065 3193 1221 3236 metro
1267 3193 1453 3237 mutato
1492 3188 1800 3249 instituatur,
1842 3191 1977 3238 velut

287 3263 421 3312 PerS.
453 3268 760 3316 245-247.
819 3270 922 3317 Hac
951 3277 1113 3321 autem
1143 3288 1199 3320 ex
1226 3273 1398 3333 regula
1425 3273 1587 3325 semel.
1604 3276 1791 3322 tantum
1819 3276 1974 3323 oratio
1991 3262 2002 3277 ⁸
