2055 3589
1051 248 1116 300 54

255 446 337 477 noc
364 429 488 477 enim
518 426 814 488 Amphiarao
842 422 1096 482 convenit,
1133 421 1315 484 quippe
1342 419 1423 482 qui
1452 419 1598 467 nimis
1624 423 1842 468 remotus
1870 420 1935 468 sit

255 513 424 561 Loxiae
453 511 643 558 nomine
672 508 1025 566 intercedente,
1060 520 1150 553 nec
1176 505 1392 563 Phoebo,
1420 504 1501 567 qui
1531 519 1625 552 non
1654 504 1815 562 silere,
1845 505 1934 553 sed

255 599 456 645 obscure
485 594 631 656 loqui,
660 609 755 641 non
782 592 1093 655 tempestiva,
1119 586 1186 636 τοὶ
1212 586 1390 657 καίρια,
1420 589 1506 637 sed
1538 604 1652 637 vera
1677 589 1932 638 vaticinari

253 678 454 729 solebat.
495 679 654 739 Quid?
684 678 811 741 quod
843 692 900 724 ne
926 690 1076 723 causa
1102 674 1299 737 quidem
1327 674 1429 722 ulla
1455 678 1620 738 potest
1647 675 1931 736 excogitari,

251 781 332 812 cur
370 764 441 811 vel
471 763 647 825 Apollo
681 763 755 810 vel
784 761 1111 824 Amphiaraus
1149 755 1417 823 prudenter
1455 763 1540 807 aut
1575 759 1708 822 loqui
1743 764 1829 807 aut
1860 763 1933 808 ta·

251 865 356 898 cere
387 848 588 896 dicatur.
640 847 808 908 Itaque
837 859 1054 901 versum,
1096 845 1177 906 qui
1216 844 1460 893 similibus
1487 845 1652 892 verbis
1688 844 1766 893 bis
1800 844 1933 908 apud

250 933 570 994 Aeschylum,
608 931 822 992 Choeph.
854 931 978 988 576,
1014 930 1157 991 frgm.
1189 931 1305 989 221,
1345 934 1604 993 praeterea
1638 929 1934 992 aliquotiens

248 1018 376 1080 apud
406 1017 530 1064 alios
560 1022 730 1079 poetas
758 1015 949 1076 legitur,
977 1030 1007 1061 a
1028 1015 1228 1063 librario
1258 1015 1421 1077 aliquo
1448 1015 1753 1079 adscriptum
1780 1015 1933 1063 fuisse

249 1101 571 1150 censebimus,
619 1100 739 1147 Nam
768 1100 896 1162 quod
924 1099 1222 1148 Ritschelius
1251 1100 1394 1148 laude
1421 1099 1506 1147 illa
1532 1098 1829 1167 Lasthenem
1853 1114 1932 1148 or-

249 1186 404 1248 navit,
443 1186 577 1233 cuius
607 1185 848 1233 modestia
873 1185 934 1233 ab
962 1185 1159 1234 Eteocle
1186 1185 1473 1248 loquacitati
1502 1190 1551 1233 et
1577 1185 1718 1233 vanis
1747 1199 1932 1234 sermo-

248 1271 386 1318 nibus
410 1270 694 1333 Amphiarai
717 1274 1064 1334 opponeretur,
1092 1271 1209 1318 mihi
1231 1271 1426 1333 quidem
1454 1270 1600 1333 longe
1622 1270 1720 1318 alia
1741 1269 1934 1319 videtur

251 1369 360 1404 esse
387 1355 519 1417 regis
547 1356 788 1404 sententia
815 1355 876 1403 de
903 1361 1028 1416 vate‚
1057 1370 1197 1418 quem
1226 1371 1270 1403 v.
1297 1358 1395 1404 579
1426 1343 1616 1402 δίκαιον
1643 1359 1803 1414 vocat,
1829 1359 1933 1403 tum

246 1457 319 1487 vv.
353 1443 467 1490 591.
498 1442 596 1488 592
624 1441 753 1488 haud
781 1441 1011 1502 ambigue
1039 1441 1305 1503 praedicat.
1358 1441 1526 1503 Neque
1557 1456 1669 1489 vero
1699 1441 1826 1489 inter
1850 1456 1929 1487 vv.

247 1527 342 1572 605
381 1530 427 1573 et
466 1528 562 1573 606
603 1525 786 1588 aliquid
828 1525 1122 1585 desiderari,
1164 1526 1249 1574 sed
1287 1526 1536 1574 Eteoclem
1576 1526 1760 1588 optime
1797 1525 1932 1573 laudi

246 1610 542 1657 fortitudinis
568 1609 828 1658 Lasthenis
855 1610 1000 1658 finem
1029 1611 1281 1674 imponere
1309 1611 1516 1659 victoria
1553 1611 1613 1658 ad
1652 1611 1772 1658 deos
1807 1610 1930 1659 refe-

244 1694 393 1741 renda
421 1695 513 1742 iam
536 1694 899 1743 Heimsoethius
928 1696 1213 1744 observavit
1234 1690 1346 1760 (Die
1371 1695 1608 1744 indirecte
1631 1695 1930 1744 Ueberliefe-

245 1795 369 1840 rung
389 1779 477 1826 des
499 1780 869 1842 iischyleischen
894 1781 1085 1829 Textes.
1128 1781 1377 1843 Nachtrag
1399 1796 1483 1828 zur
1504 1780 1686 1829 Schrift
1710 1781 1832 1830 fiber
1851 1780 1931 1829 die

246 1863 743 1926 Wiederherstellung
770 1870 859 1913 etc.
902 1882 948 1929 p.
981 1862 1085 1931 30).

346 1949 561 2010 Denique
596 1949 867 2014 septimum
903 1967 992 2014 par
1027 1967 1122 2000 non
1160 1952 1432 2001 minoribus
1460 1951 1745 1999 criminibus
1773 1955 1930 1999 tenta-

244 2039 339 2079 tum
370 2042 470 2090 est,
508 2050 648 2097 quam
677 2037 1036 2097 praecedentia.
1090 2031 1388 2086 Ritschelius
1425 2053 1470 2084 v.
1503 2038 1599 2087 617
1640 2051 1697 2084 ex
1737 2036 1929 2086 duobus

244 2118 494 2167 versiculis
535 2125 832 2168 contractum
877 2136 987 2170 esse
1024 2123 1297 2171 contendit:
1339 2122 1542 2171 stultum
1580 2122 1709 2170 enim
1746 2126 1928 2181 votum,

241 2218 334 2265 quo
355 2203 625 2266 Polynices‚
655 2212 706 2253 ut
733 2206 929 2254 fratrem
958 2207 1255 2255 interficiens
1283 2209 1392 2271 ipse
1419 2208 1654 2256 moriatur
1680 2211 1834 2270 optet,
1859 2208 1931 2256 ita

243 2303 350 2336 esse
379 2290 677 2349 mutandum,
706 2296 758 2338 ut
779 2291 970 2339 etiamsi
998 2292 1095 2355 ipsi
1119 2293 1424 2341 moriendum
1453 2293 1534 2353 sit,
1561 2298 1722 2341 tamen
1753 2307 1806 2341 se
1831 2292 1927 2341 fra-

244 2378 360 2420 trem
390 2375 610 2424 occidere
639 2376 764 2424 velle
793 2377 944 2436 ‹licat3
982 2383 1239 2440 praeterea
1276 2378 1436 2425 minas
1464 2378 1786 2440 gravissimas
1812 2393 1928 2441 pro-

244 2458 347 2520 prio
375 2461 622 2507 enuntiato
650 2462 970 2510 vindicandas
999 2477 1125 2512 esse.
1181 2464 1353 2525 Itaque
1386 2464 1534 2512 talem
1565 2478 1761 2512 versum
1800 2458 1926 2511 exci-

242 2543 373 2590 disse
411 2546 598 2592 censuit
636 2543 709 2592 σοὶ
744 2535 1075 2615 ’ξυμφέρεσθαί
1112 2543 1271 2615 [φησιν
1309 2547 1569 2617 αὐτουργῷ
1604 2545 1729 2616 χερὶ]
1758 2547 1927 2616 λελιμ-

243 2623 398 2693 μένος]
440 2636 630 2676 κτανεῖν
669 2647 721 2678 σε
761 2630 843 2678 καὶ
882 2629 1046 2679 θανὼν
1084 2629 1250 2689 πέλας.
1309 2634 1373 2680 At
1408 2634 1538 2696 quod
1577 2634 1674 2681 iam
1711 2633 1928 2682 Keekius

244 2713 387 2773 priori
415 2721 697 2775 argumento
727 2719 981 2780 opposuit,
1020 2718 1279 2781 Polynices
1308 2724 1391 2766 aut
1418 2734 1470 2767 se
1499 2734 1607 2767 cum
1635 2719 1785 2768 fratre
1812 2734 1926 2768 con-

241 2811 518 2857 gressurum
560 2814 669 2849 esse
706 2808 869 2865 pu†at;
910 2804 1038 2866 quod
1081 2805 1120 2852 si
1157 2804 1265 2860 fiat,
1307 2807 1400 2853 scit
1435 2805 1630 2867 quidem
1667 2810 1926 2868 utrumque

241 2895 434 2929 caesum
473 2883 553 2939 iri,
593 2887 675 2933 sed
708 2888 780 2935 vel
810 2895 861 2935 ut
888 2889 996 2952 ipse
1024 2890 1260 2937 moriatur
1287 2895 1451 2953 optat,
1490 2891 1753 2939 dummodo
1788 2890 1924 2938 illum

244 2967 457 3025 occidat3
498 2975 580 3016 aut
616 2970 807 3020 fratrem
848 2989 1062 3036 pugnam
1100 2974 1479 3023 detrectaturum
1508 2990 1659 3038 seque
1685 2975 1925 3024 victurum

242 3066 363 3098 csse.
407 3052 568 3101 Nexus
597 3071 709 3103 vero
739 3060 1088 3107 sententiarum
1119 3074 1236 3108 sane
1264 3061 1557 3121 gravissime
1585 3060 1800 3119 laborat3
1829 3075 1923 3124 quo

240 3137 450 3194 accedit,
481 3139 606 3200 quod
638 3157 713 3187 vv.
748 3144 860 3190 615.
893 3147 990 3191 616
1021 3159 1112 3192 non
1143 3151 1352 3207 possunt
1382 3146 1608 3207 coniungi
1638 3160 1744 3194 cum
1773 3147 1922 3194 verbo

242 3218 371 3265 finito
410 3220 611 3288 ἀρᾶται,
657 3226 770 3287 qnia
810 3228 972 3291 inepte
1009 3245 1064 3277 ex
1101 3231 1316 3279 turribus
1353 3237 1625 3279 castrorum
1660 3230 1922 3293 Polynices

239 3319 318 3351 rex
369 3309 667 3357 nuntiaretur
717 3318 1005 3376 captamque
1058 3315 1349 3376 gloriaretur
1400 3317 1596 3375 urbe1n3
1649 3316 1710 3364 ad
1754 3322 1919 3364 votum
