2055 3589
1058 81 1125 133 38

369 263 555 311 Primus
581 264 740 308 autem
769 272 868 305 rem
896 255 1056 317 tetigit
1082 252 1388 312 Heilandius,
1425 250 1495 299 ita
1519 255 1707 311 tamen,
1745 254 1800 299 ut
1831 254 1939 300 tan·

264 357 362 397 tum
402 346 662 401 indicaret,
707 340 1102 403 aequabilitatem
1147 338 1242 386 loci
1276 335 1407 384 haud
1444 335 1591 383 dubie
1624 335 1941 384 multifariam

264 431 477 494 corrupti
515 428 705 477 restitui
743 439 909 489 posse.
963 422 1104 484 Quod
1140 421 1331 470 efficere
1365 424 1569 468 conatus
1605 424 1683 468 est
1714 419 1941 470 Prienius

263 516 506 575 (Beitrage
548 528 631 560 zur
669 510 828 558 Kritik
871 524 966 557 von
999 505 1289 568 Aeschylos’
1325 503 1503 553 Sieben
1542 518 1704 566 gegen
1738 504 1942 554 Theben

263 599 549 654 350-663,
590 610 754 659 progr.
781 593 958 642 Lubec.
993 589 1167 650 1856),
1194 590 1277 652 qui
1308 592 1367 638 13
1396 588 1626 637 versibus
1655 589 1847 649 deletis,
1878 591 1938 639 17

261 681 500 745 suppletis
528 681 618 728 hos
644 692 872 726 numeros
908 677 1100 740 parium
1134 674 1372 723 restituit:
1413 675 1494 733 20,
1531 675 1607 732 15,
1641 675 1720 733 15,
1753 677 1831 733 14,
1859 675 1943 734 24,

261 770 340 827 29,
365 767 449 825 22;
477 765 766 813 adversatus
793 766 954 809 autem
981 760 1025 808 ei
1051 764 1127 808 est
1144 759 1200 807 R.
1218 759 1443 821 Engerus
1459 754 1942 824 (Jahrb.fi·1rPhilol.

258 869 302 899 u.
323 850 436 898 Pad.
461 851 607 906 1857,
629 848 715 895 Bd.
736 849 761 893 7
770 844 836 908 5).
876 845 913 893 T
918 861 996 892 um
1019 843 1071 892 F.
1089 844 1387 894 Ritschelius
1408 845 1786 908 responsionem
1806 843 1944 893 illam

260 937 352 984 iam
378 940 489 982 ante
525 934 710 995 aliquot
741 945 896 979 annos
932 946 962 977 a
994 944 1047 978 se
1074 929 1323 978 inventam
1351 935 1399 978 et
1425 931 1472 978 in
1502 930 1685 979 scholis
1713 930 1942 994 proposi-

258 1027 353 1068 tam
376 1019 634 1067 illustravit
655 1018 702 1064 in
725 1015 1130 1065 commentatione
1153 1014 1441 1077 ingeniosae
1463 1014 1768 1076 sagacitatiS,
1795 1029 1942 1076 quam

258 1107 305 1152 in
349 1105 430 1151 illo
478 1104 578 1150 viro
623 1101 944 1160 admiramur,
990 1100 1137 1164 plena
1182 1099 1377 1158 (Jahrb.
1413 1102 1570 1159 1859,
1618 1099 1707 1148 Bd.
1738 1097 1852 1162 77),
1896 1103 1946 1147 et

264 1194 313 1237 ll
361 1188 582 1236 versibus
627 1186 826 1246 deletis,
880 1188 937 1234 31
984 1185 1230 1248 suppletis
1276 1185 1538 1248 oppositas
1583 1185 1831 1233 orationes
1874 1185 1945 1233 ita

256 1274 506 1335 aequavit,
542 1276 594 1320 ut
629 1276 826 1334 praeter
862 1273 889 1318 2
927 1285 1100 1319 versus
1138 1270 1378 1333 prooemii
1415 1271 1498 1330 20,
1531 1271 1608 1328 15,
1642 1272 1720 1330 15,
1753 1271 1830 1329 15,
1859 1271 1943 1329 27,

259 1361 338 1413 29,
370 1359 431 1405 24
471 1371 641 1405 versus
677 1357 998 1404 continerent.
1059 1355 1179 1403 Post
1217 1370 1326 1403 eum
1364 1370 1463 1402 rem
1503 1353 1662 1402 denuo
1700 1358 1941 1403 tractave-

255 1449 388 1491 runt:
442 1441 641 1490 Weilius
688 1441 860 1504 paucis
909 1440 1103 1499 (Jahrb.
1139 1442 1295 1498 1860,
1340 1439 1428 1488 Bd.
1468 1440 1583 1497 81),
1633 1439 1715 1500 qui
1756 1439 1849 1487 Vto
1896 1443 1946 1485 et

258 1528 380 1575 VIto
417 1527 617 1590 paribus
657 1541 751 1574 non
797 1525 1018 1572 tractatis
1066 1531 1258 1573 caetera
1301 1524 1442 1588 paria
1490 1524 1621 1571 nullo
1668 1537 1815 1571 versu
1856 1522 1942 1570 ab·

256 1614 403 1669 iecto,
447 1614 503 1658 15
543 1611 729 1658 lacunis
766 1610 994 1657 iudicatis
1029 1609 1106 1656 his
1142 1609 1405 1657 adstrinxit
1430 1609 1669 1656 numeris:
1710 1609 1756 1666 2,
1791 1606 1830 1655 Ι.
1861 1609 1942 1667 20,

255 1697 316 1744 II.
352 1699 426 1754 15,
468 1696 556 1743 ΙΙΙ.
592 1697 669 1753 15,
709 1695 790 1743 IV.
823 1696 902 1752 20,
931 1693 1039 1742 VII.
1071 1696 1160 1751 25,
1199 1693 1426 1755 idemque
1463 1693 1651 1755 primus
1684 1707 1843 1755 neque
1869 1692 1942 1740 in-

257 1781 380 1829 iuria
415 1780 706 1843 postulavit,
741 1785 793 1827 ut
830 1779 1130 1841 singularum
1169 1779 1444 1827 orationum
1472 1778 1620 1826 etiam
1647 1783 1814 1841 partes
1843 1777 1942 1826 sin-

258 1866 396 1927 gulae
434 1864 815 1928 responderent,
851 1865 1075 1926 quamxis
1106 1864 1295 1912 ratione
1322 1863 1663 1912 artificiosiore
1690 1863 1814 1911 duas
1840 1862 1944 1925 pri-

257 1966 360 1998 mas
383 1946 537 2017 ῥήσεις
557 1965 653 1996 11011
674 1951 800 1997 inter
821 1965 873 1997 se
895 1949 982 1998 sed
1011 1964 1118 1997 eum
1148 1949 1335 2012 quartis
1365 1963 1691 2012 componens3
1719 1947 1944 2012 pluribus

259 2034 468 2083 Keckius
497 2033 683 2095 (Jahrb.
719 2037 874 2094 1860,
909 2034 996 2082 Bd.
1027 2031 1136 2095 81),
1174 2034 1254 2096 qui
1292 2039 1340 2082 et
1373 2034 1480 2097 ipse
1517 2033 1726 2082 credidit
1757 2032 1945 2080 nullum

259 2135 448 2167 versum
487 2119 833 2182 interpolatum
861 2134 996 2177 esse,
1038 2120 1125 2168 sed
1153 2120 1395 2168 excidisse
1425 2122 1487 2169 28
1520 2135 1624 2179 vv.,
1664 2122 1942 2182 praeterea-

258 2219 348 2266 que
397 2204 520 2252 duos
569 2219 739 2252 versus
791 2219 847 2253 ex
888 2204 942 2252 V.
989 2205 1206 2253 oratione
1252 2205 1407 2252 nuntii
1454 2205 1503 2252 in
1551 2205 1738 2266 regiam
1783 2207 1943 2251 trans-

261 2289 512 2351 ponendos
551 2304 685 2348 esse3
724 2290 900 2352 quibus
937 2289 1208 2338 rationibus
1237 2289 1331 2338 duo
1359 2289 1657 2337 adminicula
1683 2287 1944 2351 quaesivit,

260 2374 431 2435 partim
459 2374 806 2436 aequabilitate
832 2375 917 2422 illa
945 2375 1155 2437 partium
1183 2375 1342 2436 magis
1370 2374 1661 2432 excolenda,
1700 2373 1944 2436 imprimis

262 2459 399 2518 signo
434 2458 567 2506 ducis
597 2460 766 2521 Argivi
805 2465 853 2508 et
887 2460 1155 2508 adversarii
1183 2460 1403 2507 Thebani
1441 2459 1637 2507 nomine
1671 2459 1720 2506 in
1755 2458 1944 2506 eisdem

264 2543 379 2589 locis
417 2544 686 2592 orationum
721 2545 1000 2605 collocatis3
1034 2552 1134 2593 tum
1176 2545 1402 2594 omnibus
1439 2544 1731 2607 corruptelis
1767 2558 1825 2591 ex
1860 2557 1945 2590 sex

265 2627 450 2674 lacunis
479 2628 552 2675 vel
589 2630 1038 2691 perturbationibus
1075 2646 1303 2678 versuum
1341 2631 1602 2686 derivatis,
1636 2643 1762 2692 quae
1797 2642 1944 2691 supe-

267 2712 472 2759 rioribus
502 2713 629 2760 foliis
657 2715 838 2763 codicis
866 2715 1070 2764 alicuius
1098 2716 1334 2778 primitivi
1360 2717 1458 2764 situ
1485 2714 1729 2778 corruptis
1757 2713 1943 2762 extitis-

265 2803 385 2843 sent.
442 2796 677 2845 Numeros
718 2806 877 2848 autem
917 2801 1147 2864 probavit
1182 2802 1297 2850 hos:
1341 2803 1387 2860 2,
1417 2803 1498 2861 20,
1533 2802 1609 2858 15,
1644 2801 1721 2857 15,
1750 2800 1833 2858 20,
1861 2800 1943 2857 25,

268 2885 347 2938 310,
379 2883 455 2928 24.
499 2881 680 2930 Deinde
710 2884 989 2934 Diudorfius
1018 2887 1208 2947 (Philol.
1245 2888 1389 2935 1860.
1430 2886 1599 2948 Jahrg.
1627 2883 1765 2948 XVI)
1794 2884 1944 2933 ratio-

267 2966 407 3013 nibus
444 2965 588 3027 longe
625 2967 829 3016 diversis
867 2971 1062 3019 deditus
1098 2973 1161 3019 26
1190 2987 1362 3020 versus
1398 2970 1830 3034 interpolatoribus
1857 2969 1942 3017 tri-

268 3049 383 3097 buit.
414 3052 476 3097 20
505 3051 742 3099 excidisse
773 3057 982 3115 put-avit3
1024 3056 1151 3105 unde
1177 3058 1269 3106 hos
1298 3073 1527 3106 numeros
1554 3060 1727 3105 nactus
1754 3059 1853 3104 est:
1892 3056 1942 3114 2,

267 3137 1003 3203 20,15‚15‚14,21,26,21.
