2055 3589
856 226 923 275 27

0 394 3 420 ¹
49 401 187 449 Eum.
218 401 315 447 777
347 394 490 461 (804)
517 399 654 447 solus
683 402 781 456 est,
823 397 905 460 qui
929 397 1058 445 inter
1084 396 1250 459 plures
1277 409 1517 458 personas
1545 395 1734 444 divida-

0 490 2 496 '
50 488 152 545 tur,
186 483 394 545 ideoque
422 484 482 531 ab
507 483 821 530 Lachmanno
849 482 1058 544 aliisque
1086 486 1162 529 est
1187 481 1531 543 impugnatus3
1567 479 1735 528 imme-

0 566 4 592 ³‘
49 568 168 626 rito,
207 582 315 614 cum
342 568 393 614 in
420 567 660 615 libertatis
687 567 854 629 poesis
882 566 1137 614 scaenicae
1165 577 1436 628 progressu
1463 564 1737 613 definiendo

0 673 2 679 ⁸
48 652 249 714 regulae
287 667 344 698 ex
379 651 549 713 paucis
584 651 806 713 reliquiis
843 654 1110 713 conceptae
1138 663 1234 697 non
1261 652 1448 696 tantum
1475 649 1640 696 valere
1666 650 1737 696 vi-

51 736 274 794 deantur,
309 740 363 782 ut
388 749 512 796 quae
540 735 652 782 libri
680 735 952 796 singularia
978 734 1066 782 sed
1094 748 1183 797 per
1208 748 1262 782 se
1287 748 1385 782 non
1416 733 1740 796 vituperanda

0 839 1 842 ¹
50 821 322 883 praebeant
347 819 575 867 continuo
604 819 913 866 emendanda
940 819 1053 866 sint.

155 903 251 952 Sed
277 908 331 950 ut
356 903 419 950 ad
444 903 656 951 maiores
695 917 925 950 numeros
965 907 1240 963 transeam,
1282 905 1597 965 opponuntur
1633 895 1744 948 him·

51 1002 229 1036 versus
281 983 415 1035 binis
460 987 632 1050 suppl.
672 989 770 1035 278
812 981 897 1050 (><
936 986 1002 1046 1).
1058 989 1157 1035 730
1198 972 1277 1048 (’><
1322 985 1386 1048 1).
1448 985 1610 1034 Prom.
1640 987 1738 1033 379

51 1069 135 1134 (><
166 1076 208 1121 1.
243 1071 308 1135 1).
351 1074 449 1121 696
481 1071 559 1134 (><
598 1068 662 1132 1).
705 1073 802 1120 968
831 1067 915 1132 (><
949 1072 1004 1129 2;
1033 1087 1144 1119 nam
1173 1086 1280 1119 cum
1307 1071 1403 1118 iam
1429 1070 1741 1119 Hermannus

51 1157 326 1206 rectissime
353 1171 526 1205 versus
554 1157 766 1218 quinque
795 1155 1138 1215 (970—974)
1172 1157 1298 1203 inter
1323 1155 1668 1204 Prometheum
1695 1158 1744 1202 et

56 1226 360 1290 Mercurium
388 1241 746 1299 distribuisset,
792 1240 1007 1288 Keckius
1045 1240 1096 1286 in
1134 1254 1341 1288 censura
1379 1240 1742 1288 dissertationis

51 1324 417 1374 Ribbeckianae
446 1326 505 1373 de
532 1325 882 1388 aequabilitate
908 1324 1186 1372 Promethei
1219 1323 1740 1385 (Jahrb.fiirPhilol.u.

54 1410 175 1458 Pad.
216 1410 304 1458 Bd.
324 1412 404 1458 81.
445 1409 524 1471 Jg.
559 1406 709 1472 1860)
745 1410 867 1457 vidit
891 1409 1011 1456 illud
1025 1404 1196 1464 ὀὕτως
1223 1398 1428 1474 ὑβρίζειν
1455 1424 1498 1456 v.
1517 1410 1618 1456 974
1645 1423 1742 1456 non

51 1495 251 1552 habere,
273 1509 368 1556 quo
385 1495 638 1553 referatur,
662 1510 769 1542 cum
793 1494 1038 1542 cavillatio
1054 1493 1332 1541 Promethei
1353 1494 1578 1556 superior
1597 1493 1693 1540 iam
1715 1510 1745 1541 a

54 1579 292 1628 Mercurio
337 1579 548 1627 refutata
583 1580 662 1636 sit,
707 1579 915 1640 ideoque
955 1593 1150 1626 versum
1189 1577 1468 1625 Promethei
1505 1578 1744 1626 excidisse

56 1664 379 1726 probabiliter
417 1663 638 1723 statuit),
679 1663 815 1712 Pers.
847 1665 942 1711 7'97
975 1662 1059 1722 (><
1100 1658 1167 1726 l).
1207 1662 1383 1724 Agam.
1414 1664 1512 1710 598
1553 1659 1632 1725 (><
1666 1657 1743 1725 4);

53 1753 154 1796 tum
182 1749 230 1795 in
259 1748 464 1796 consilio
494 1748 627 1796 chori
655 1749 982 1810 Agam.1308
1011 1747 1268 1795 duodecim
1303 1747 1564 1796 choreutae
1599 1747 1742 1794 binos

53 1835 302 1882 trimetros
330 1832 496 1892 edunt,
524 1847 731 1894 quorum
757 1833 1010 1881 binionum
1037 1832 1243 1880 alterum
1271 1847 1378 1879 cum
1405 1832 1566 1890 tertio,
1597 1845 1743 1893 quar-

53 1922 157 1966 tum
192 1932 299 1966 cum
338 1918 532 1981 quinto,
570 1922 759 1966 sextum
799 1933 906 1965 cum
935 1918 1171 1981 septimo,
1212 1921 1435 1964 octavum
1463 1931 1572 1964 cum
1598 1931 1743 1974 nono,

55 2003 299 2051 decimum
327 2019 436 2051 cum
462 2003 718 2052 undecimo
748 2002 991 2051 sententia
1017 2001 1279 2049 convenire
1307 2001 1429 2048 vidit
1448 2001 1744 2062 Bamberge-

52 2103 161 2146 rus3
190 2087 411 2151 Choeph.
434 2090 532 2135 473
559 2087 644 2146 (><
677 2086 745 2147 1).
788 2089 887 2135 766
917 2083 1003 2149 (><
1037 2081 1103 2150 1).
1149 2088 1280 2134 1048
1309 2085 1395 2145 (><
1425 2085 1562 2145 3.1).
1603 2085 1743 2135 Eum.

56 2175 156 2220 300
187 2170 265 2234 (><
299 2169 363 2233 1).
407 2175 505 2221 666
534 2170 614 2234 (><
650 2167 711 2236 1).
754 2174 852 2220 703
885 2168 963 2235 (><
999 2173 1045 2229 5,
1073 2171 1125 2218 in
1150 2170 1329 2232 quibus
1357 2171 1452 2218 iam
1480 2170 1744 2218 Merkelius

50 2257 376 2305 Eumenidum
403 2257 562 2305 editor
582 2255 857 2312 GothanUS,
887 2271 1031 2319 quem
1046 2254 1251 2304 Weilius
1279 2259 1475 2303 secutus
1505 2259 1594 2312 est,
1625 2254 1748 2302 vidit

51 2358 130 2391 vv.
152 2343 429 2390 711-714
455 2343 814 2405 interrumpere
842 2341 1214 2389 altercationem
1240 2339 1496 2388 Furiarum
1523 2343 1573 2388 et
1591 2339 1744 2402 Apol-

51 2427 166 2475 linis
193 2442 285 2475 nec
310 2428 371 2475 ad
399 2427 738 2490 quaestionem
764 2426 1014 2489 Apollinis
1041 2426 1225 2473 iustum
1251 2439 1548 2487 responsum
1574 2423 1744 2472 Furia-

52 2528 158 2560 rum
186 2513 423 2575 praebere
434 2532 446 2572 ;
491 2527 614 2574 quae
643 2512 865 2574 quaestio
895 2511 936 2558 si
964 2525 1162 2558 versum
1190 2512 1287 2557 715
1317 2509 1584 2571 praecedit,
1610 2510 1745 2558 nullo

51 2611 322 2660 responso,
362 2612 457 2659 quo
492 2597 668 2644 Furiae
705 2611 793 2644 nec
828 2597 935 2644 sine
977 2596 1156 2642 damno
1198 2608 1375 2642 causae
1413 2609 1619 2656 negare,
1657 2609 1747 2642 nec

54 2681 160 2729 sine
184 2682 441 2744 impietate
467 2681 712 2730 affirmare
735 2681 1015 2744 potuissent
1034 2679 1205 2727 Iovem
1227 2693 1479 2742 peccasse,
1507 2679 1595 2727 sed
1617 2694 1745 2727 novo

55 2767 275 2813 convicio
315 2766 574 2829 aptissime
615 2766 877 2828 excipitur3
924 2779 1074 2827 quare
1118 2763 1385 2811 mittendus
1431 2768 1508 2812 est
1545 2763 1745 2812 Weilius

52 2851 135 2912 qui
175 2850 401 2898 lacunam
436 2855 666 2913 quattuor
699 2865 929 2899 versuum
972 2853 1088 2912 post
1123 2864 1167 2895 v.
1195 2850 1295 2896 710
1333 2848 1585 2896 indicavit.
1646 2847 1747 2896 Nec

54 2949 171 2983 vero
205 2935 388 2983 rectius
424 2935 552 2982 idem
591 2949 700 2982 cum
736 2934 971 2982 Merkelio
1010 2938 1239 2997 quattuor
1276 2933 1388 2981 illos
1423 2947 1596 2981 versus
1632 2937 1748 2995 post

57 3020 172 3067 721.
193 3021 291 3067 722
316 3019 591 3077 collocavit,
620 3034 677 3066 ex
699 3020 876 3082 quibus
899 3023 947 3067 et
971 3023 1076 3066 tota
1103 3018 1349 3066 sententia
1374 3022 1423 3066 et
1449 3016 1538 3063 οὐκ
1565 3018 1747 3083 ἔχουσα

54 3105 144 3157 τ’ῆς
169 3089 308 3159 δίκης
332 3100 479 3160 τέλος
506 3103 669 3152 verbis
706 3102 773 3170 μὴ
809 3107 1028 3170 τυχοῦσα.
1059 3107 1151 3159 τῆς
1185 3090 1323 3159 δίκης
1358 3106 1407 3150 et
1441 3098 1590 3169 βαρὺν
1626 3115 1746 3150 voce

56 3183 230 3253 βαρεῖα
256 3187 486 3250 languide
514 3192 562 3235 ct
584 3203 671 3250 pro
698 3189 770 3236 ira
791 3188 1047 3236 Furiarum
1069 3188 1214 3250 plane
1240 3187 1515 3235 incredibili
1544 3186 1745 3236 lenitate

55 3275 409 3333 repeterentur.
469 3271 604 3333 Quae
631 3272 808 3321 lenitas
834 3273 998 3337 potius
1026 3273 1073 3320 in
1101 3273 1417 3321 acerbitatem
1447 3272 1674 3331 vertitur,
1704 3271 1745 3321 si
