2055 3589
1068 87 1136 139 34

277 268 577 319 consentiant
606 279 760 326 neque
781 278 869 326 per
894 277 947 310 se
969 274 1171 324 prorsus
1198 259 1314 307 reici
1336 257 1548 321 possint,
1574 259 1942 307 vv.499—50l

276 361 436 402 tamen
463 367 546 399 cur
571 365 665 397 non
692 348 1010 402 retineamus,
1046 344 1181 392 nulla
1219 357 1369 391 causa
1404 346 1503 401 est3
1539 357 1652 390 nam
1685 342 1949 404 imaginem

276 454 330 486 ex
358 437 456 484 vita
482 433 670 495 vulgari
698 431 898 495 petitam
927 430 1036 492 quis
1062 430 1113 476 in
1140 426 1385 488 Aeschylo
1411 426 1765 489 reprehendet,
1804 441 1949 490 quem

274 527 434 569 notum
470 524 544 567 est
576 533 635 565 ne
670 517 730 565 ab
765 517 858 563 hoc
893 514 1089 577 quidem
1127 526 1303 573 genere
1340 512 1757 575 comparationum
1796 513 1948 562 absti-
2022 505 2028 513 '

274 607 436 652 nuisse
465 600 541 666 (cf.
572 617 611 651 e.
642 617 681 650 c.
709 601 881 662 Agam.
906 601 1020 647 307.
1052 591 1188 659 308).
1215 623 1283 629 —
1310 596 1413 644 Nec
1439 596 1650 658 denique
1675 597 1775 646 ullo
1801 597 1948 646 modo

273 688 471 736 concedi
500 691 665 751 potest
691 690 906 747 systema
933 681 1261 745 palinodicum
1290 696 1399 729 cum
1432 681 1661 741 mesod0‚
1702 682 1843 744 quod·
1866 682 1949 731 ille

272 773 455 820 invenit
480 771 615 834 Sept.
645 772 818 818 228—-
835 770 930 815 246
946 787 958 826 ;
1000 782 1112 813 nam
1148 781 1237 814 nec
1263 770 1393 815 recte
1420 766 1690 815 sententias
1717 781 1949 816 versuum

272 873 327 906 ex
353 862 553 919 utraque
580 860 716 919 parte
745 854 921 901 circum
950 867 993 899 v.
1014 853 1111 899 237
1142 851 1487 900 collocatorum
1508 851 1813 914 respondere
1832 865 1950 900 con-

272 942 441 999 tendit,
470 946 517 988 et
544 941 707 1002 inepte
733 943 886 986 totum
914 937 1071 984 locum
1100 936 1529 998 stichomythicum
1555 952 1585 984 a
1610 937 1949 1000 praecedenti-

275 1028 364 1075 bus
390 1024 852 1087 insequentibusque
879 1021 1108 1083 abripuit.

374 1109 525 1170 Quam
547 1114 705 1156 autem
727 1106 1034 1155 Hermanuus
1061 1105 1124 1152 ad
1151 1105 1528 1168 responsionem
1554 1105 1690 1154 illam
1715 1106 1765 1153 in
1791 1106 1946 1156 exodo

271 1194 646 1256 Agamemnonis
680 1191 1050 1254 significandam
1076 1190 1301 1238 adhibuit
1337 1185 1750 1238 distributionem
1783 1188 1947 1240 dicto-

270 1295 384 1326 rum
401 1278 455 1326 in
474 1275 702 1343 sinqulos
724 1273 1008 1338 choreutas,
1035 1291 1092 1324 ea
1106 1291 1135 1323 a
1149 1275 1315 1323 multis
1332 1275 1412 1338 qui
1427 1275 1727 1338 Aeschylum
1743 1277 1821 1325 vel
1843 1277 1945 1326 edi-

270 1365 443 1412 derunt
469 1363 543 1411 vel
569 1364 615 1410 in
644 1367 861 1411 nostrum
891 1376 1163 1410 sermonem
1188 1364 1534 1409 converterunt
1552 1361 1600 1408 in
1623 1360 1849 1424 plurimis
1871 1362 1948 1410 vel

271 1449 492 1496 omnibus
514 1449 632 1496 locis
656 1448 876 1510 quaesita
902 1451 991 1495 est.
1030 1447 1264 1494 Attamen
1290 1446 1333 1494 si
1359 1446 1408 1493 in
1437 1445 1584 1494 certis
1610 1450 1801 1494 tantum
1827 1446 1948 1495 locis

271 1549 374 1582 eam
403 1533 791 1581 distributionem
818 1533 1063 1591 statueris,
1105 1546 1188 1579 cur
1212 1532 1262 1579 in
1289 1531 1401 1579 aliis
1427 1534 1716 1593 argumento
1742 1544 1948 1595 prorsus

272 1635 364 1667 non
386 1617 704 1666 dissimilibus
725 1631 822 1665 non
844 1618 1065 1666 statuas?
1102 1616 1187 1665 Sin
1212 1620 1375 1665 autem
1401 1617 1452 1664 in
1473 1617 1701 1665 omnibus
1721 1631 1949 1679 quaerere,

270 1702 533 1750 cavendum
552 1704 656 1763 erit,
677 1718 736 1750 ne
753 1703 1041 1764 gravissime
1058 1704 1106 1750 in
1123 1703 1282 1765 ipsam
1301 1717 1444 1765 quam
1463 1703 1667 1751 secteris
1680 1702 1948 1766 aequabili-

268 1792 413 1836 tatem
429 1801 624 1849 pecces3
642 1787 1048 1850 quodRibbeckio
1064 1788 1257 1836 videtur
1271 1787 1531 1847 accidisse,
1550 1787 1756 1850 quicum
1772 1802 1861 1851 per
1875 1791 1948 1835 to-

269 1879 364 1920 tam
379 1873 589 1920 fabulam
605 1872 948 1921 Prometheum
971 1874 1310 1922 choreutarum
1330 1869 1485 1941 ρτἱσεις
1504 1873 1565 1920 ad
1588 1873 1948 1935 quaternarium

269 1973 516 2005 numerum
541 1963 809 2018 revocaret,
838 1959 931 2006 sibi
958 1959 1222 2022 persuasit‚
1249 1974 1401 2006 unum
1430 1973 1627 2007 versum
1651 1959 1752 2006 940
1778 1962 1948 2020 utpote

271 2043 610 2104 gravissimum
634 2048 861 2105 quattuor
881 2044 1292 2107 praecedentibus
1321 2044 1455 2092 chori
1481 2044 1715 2092 trimetris
1741 2057 1948 2106 respon-

270 2128 396 2175 dere.
449 2128 618 2189 Itaque
646 2142 753 2174 cum
781 2128 975 2175 omniuo
1008 2129 1067 2177 de
1095 2129 1398 2190 singulorum
1428 2130 1769 2178 choreutarum
1796 2127 1946 2191 parti-

269 2213 357 2259 bus
386 2213 501 2260 nihil
529 2213 758 2260 traditum
787 2213 876 2271 sit,
916 2228 1022 2260 cum
1051 2213 1329 2262 Hermanno
1368 2214 1608 2263 eiusmodi
1641 2213 1945 2262 distributio-

275 2311 380 2344 nem
406 2297 621 2345 locorum
649 2297 1131 2367 stichomythicorum
1163 2313 1365 2361 prorsus
1393 2299 1681 2361 relinquam.

373 2381 465 2429 Sed
502 2383 651 2431 multo
689 2383 835 2431 etiam
863 2383 1022 2432 minus
1049 2384 1109 2431 ad
1139 2399 1391 2432 numerum
1420 2384 1761 2433 choreutarum
1786 2384 1946 2446 respi-

272 2466 490 2514 ciendum
518 2467 671 2515 estin
700 2464 1022 2516 orationibus
1051 2465 1196 2516 chori
1229 2468 1488 2517 constanti
1520 2467 1699 2534 aliquo
1733 2483 1947 2517 numero

276 2565 511 2598 versuum
537 2551 780 2617 repetitis,
820 2552 896 2600 Ita
923 2554 1049 2602 enim
1076 2554 1124 2600 in
1146 2553 1436 2602 Prometheo
1459 2555 1536 2602 vel
1562 2555 1734 2602 novies
1760 2553 1811 2601 in
1837 2567 1948 2618 par-

277 2634 404 2681 tibus
442 2636 571 2683 chori
607 2642 870 2701 usurpatur
908 2640 1246 2700 quaternarius
1281 2654 1512 2687 numerus
1540 2639 1618 2687 vel
1643 2638 1948 2700 longioribus

274 2718 569 2767 orationibus
615 2723 688 2769 vel
735 2723 956 2785 partibus
1002 2724 1195 2773 fabulae
1247 2725 1550 2788 praemissus
1601 2723 1946 2773 adiunctusve:

282 2805 389 2849 195.
420 2806 532 2851 ⁶244.
564 2807 676 2853 261.
707 2809 820 2855 473.
851 2810 967 2858 509.
999 2811 1112 2856 632.
1144 2812 1257 2857 783.
1290 2810 1404 2858 820.
1435 2811 1565 2856 1040
1590 2807 1660 2868 (in
1687 2823 1782 2871 quo
1810 2811 1947 2872 post-

275 2901 404 2934 remo
433 2888 539 2936 loco
567 2890 625 2937 ob
653 2891 809 2953 ipsam
837 2893 968 2940 illam
991 2898 1334 2955 quaternorum
1357 2908 1586 2942 versuum
1606 2894 1945 2956 repetitionem

276 2987 366 3019 non
395 2973 713 3021 concedemus
742 2975 1023 3033 Schuetzio,
1058 2980 1133 3026 cui
1160 2978 1469 3027 Hermanuus
1497 2993 1688 3041 quoque
1715 2992 1841 3041 pene
1867 2993 1947 3024 as-

275 3057 451 3114 sensit,
487 3073 563 3105 vv.
593 3061 926 3110 1041—1043
966 3058 1130 3132 ἄνωγε
1155 3059 1248 3131 γάρ
1278 3101 1288 3111 .
1307 3102 1318 3112 .
1345 3060 1543 3111 πείθου·
1578 3068 1633 3111 ut
1663 3061 1946 3125 interpretis

277 3139 657 3190 additamentum
680 3159 734 3190 ex
756 3148 1088 3207 superioribus
1106 3149 1308 3210 petitum
1330 3148 1577 3197 eiciendos
1599 3145 1757 3207 esse);
1778 3161 1946 3210 quam·
