2055 3589
1078 94 1146 147 48

277 275 553 327 observavit
571 272 816 330 Prienius;
844 268 1019 318 deinde
1041 267 1149 330 quis
1176 264 1436 324 dubitabit,
1462 267 1623 313 utrum
1643 268 1822 328 poetae
1848 277 1951 313 ma-

279 362 351 422 gis
375 357 643 413 conveniat,
672 369 836 416 regem
862 353 1044 414 fingere
1070 352 1282 399 hostium
1310 349 1655 397 extinctionem
1681 352 1952 412 optantem,
2010 362 2013 364 ·

277 460 336 491 an
362 440 618 503 tranquille
644 442 1088 501 argumentantem,
1124 449 1210 484 cur
1242 435 1341 483 illis
1378 433 1687 498 pereundum
1713 435 1791 483 sit.
1852 433 1952 482 Ita-

277 542 367 589 que
404 530 455 573 ut
492 523 781 573 sententiam
820 526 1036 571 nostram
1072 520 1418 580 restituamus»,
1457 532 1576 567 sane
1603 518 1838 567 mutanda
1863 519 1955 566 erit
2041 530 2051 566 3

277 611 451 659 tradita
486 609 749 671 scriptura3
796 612 844 656 et
890 605 1120 654 facillime
1155 604 1350 667 quidem
1384 619 1481 653 uno
1515 618 1663 652 versu
1698 609 1816 668 post
1852 605 1947 652 531
2028 638 2055 672 :s

279 695 528 758 suppleto,
557 692 690 741 velut
715 684 781 738 ὧν
806 686 849 738 τ’
876 678 1081 746 ἐκδίκως
1108 679 1310 752 βάζουσι
1334 685 1612 756 τάπιτίμια.

379 779 483 827 Iam
504 778 665 826 omnia
686 777 865 838 optime
887 773 1183 838 procedunt:
1208 773 1382 822 ultima
1400 774 1557 822 nuntii
1579 773 1730 822 verba
1748 772 1954 836 impium

281 867 633 912 sacramentum
656 858 1011 922 Parthenopaei
1032 862 1280 922 repetunt,
1307 873 1401 921 quo
1428 859 1584 908 iratus
1605 872 1689 906 rex
1709 862 1764 906 ut
1781 862 1957 921 postea
2046 880 2050 885 ·

277 949 451 996 chorus
472 947 747 994 universam
770 944 985 991 hostium
1010 937 1293 991 iactantiam
1316 944 1612 1003 detestatur3
1638 942 1816 992 deinde
1836 956 1954 991 vero
2046 938 2055 965 ³

273 1033 333 1080 ad
389 1031 721 1079 adversarium
773 1028 1135 1091 Parthenopaei
1189 1029 1379 1077 transit.
1463 1028 1535 1076 De
1578 1027 1954 1091 Parthenopaeo

276 1121 434 1164 autem
463 1117 501 1163 si
530 1115 636 1177 quis
663 1114 759 1162 iam
781 1118 926 1162 antea
952 1113 1130 1161 dictum
1159 1114 1312 1162 fuisse
1339 1117 1496 1177 putat,
1524 1113 1689 1162 verbis
1717 1108 1769 1160 ὃν
1795 1108 1955 1182 λέγεις

272 1197 357 1247 τὸν
385 1187 601 1266 Ἀρκάδα
625 1200 885 1259 refutatur,
914 1213 1037 1262 quae
1065 1199 1126 1247 ad
1155 1199 1311 1247 nuntii
1337 1199 1487 1248 verba
1511 1199 1732 1248 redeunt.

378 1284 517 1346 Quod
554 1300 668 1334 vero
694 1285 917 1333 Prienius
944 1286 1132 1345 attulit,
1167 1289 1221 1333 ut
1254 1285 1477 1333 lacunam
1506 1284 1740 1332 maiorem
1766 1288 1879 1332 ante
1907 1299 1951 1332 v.

276 1372 368 1418 531
414 1370 682 1430 evinceret,
718 1370 887 1418 auxilii
923 1371 984 1419 ab
1020 1370 1323 1434 Amphione,
1365 1370 1501 1417 cuius
1537 1369 1733 1418 bustum
1770 1385 1816 1417 v.
1854 1370 1952 1417 509

272 1455 569 1503 nominatum
591 1455 656 1503 sit
676 1455 861 1503 ferendi
885 1469 1024 1518 spem
1039 1454 1378 1503 affirmandam
1395 1470 1522 1515 esse,
1541 1454 1952 1517 quemadmodum

273 1540 320 1587 in
348 1544 519 1601 quarta
544 1541 761 1588 oratione
781 1540 912 1602 regis
934 1540 1134 1588 tutelam
1157 1540 1376 1588 Palladis
1399 1538 1562 1588 Oncae
1582 1540 1860 1588 invocatam
1882 1538 1953 1587 vi-

272 1625 500 1683 deamuS,
527 1625 575 1672 id
601 1639 697 1672 non
724 1624 846 1672 satis
874 1625 1026 1683 valet3
1062 1629 1230 1688 potest
1256 1625 1382 1673 enim
1410 1612 1687 1687 Aeschylus
1714 1623 1863 1672 talem
1889 1624 1953 1672 si·

272 1710 454 1757 milium
492 1725 649 1758 rerum
685 1709 1027 1772 repetitionem
1065 1709 1287 1758 consulto
1315 1709 1529 1769 vitasse,
1566 1713 1733 1772 potest
1757 1709 1955 1758 bustum

272 1794 389 1842 illud
411 1794 543 1842 nulla
562 1795 658 1842 alia
673 1794 732 1842 de
754 1808 902 1842 causa
917 1794 1213 1854 nominasse,
1231 1809 1373 1857 quam
1392 1794 1620 1843 utlocum
1636 1790 1953 1844 describeret.
2047 1822 2052 1830 ·

378 1878 474 1927 Sed
510 1879 655 1927 etiam
698 1895 743 1926 v.
782 1881 877 1927 541
935 1879 1323 1928 dubitationibus
1373 1884 1588 1929 tentatus
1635 1885 1733 1939 est,
1772 1880 1955 1944 quippe
2045 1909 2050 1916 ·

274 1965 320 2011 in
355 1979 448 2027 quo
492 1978 581 2012 nec
623 1964 864 2027 particula
905 1964 1070 2026 aliqua
1112 1965 1328 2027 legatur,
1376 1979 1500 2027 quae
1545 1964 1848 2013 enuntiatum
1892 1964 1955 2013 ad

274 2048 611 2097 antecedentia
672 2049 900 2097 adnectat
958 2055 1006 2098 et
1065 2050 1338 2099 subiectum
1399 2050 1546 2099 tacite
1604 2053 1845 2110 mutetur,
1897 2064 1954 2098 eo

277 2133 552 2192 molestius,
602 2134 731 2196 quod
769 2135 818 2182 in
857 2135 1110 2198 superiore
1146 2136 1389 2184 sententia
1423 2136 1519 2185 duo
1554 2135 1822 2186 accusativi
1859 2135 1957 2184 sint

276 2215 389 2264 εἰκὼ
441 2224 489 2266 et
531 2214 756 2286 φέροντα.
831 2218 1002 2282 Itaque
1038 2221 1132 2268 iam
1168 2220 1478 2270 Hermannus
1516 2222 1800 2286 suspicatus
1835 2224 1955 2278 erat,

278 2318 465 2351 versum
511 2304 774 2363 excidisse,
831 2305 906 2352 cui
952 2305 1169 2367 opinioni
1222 2306 1399 2354 deinde
1443 2306 1667 2355 Prienius
1711 2307 1954 2365 assensit3

277 2387 571 2436 Ritsehelius
622 2393 785 2437 autem
837 2394 886 2438 et
928 2390 1144 2438 Keckius
1195 2390 1399 2439 duorum
1451 2406 1678 2439 versuum
1730 2391 1955 2440 lacunam
2045 2379 2050 2383 ’

279 2472 624 2521 indicaverunt.
698 2475 928 2522 Attamen
965 2489 1073 2523 cum
1110 2490 1206 2524 non
1245 2491 1324 2524 res
1360 2476 1667 2540 supplendae
1704 2476 1825 2535 sint,
1868 2476 1954 2526 sed
2042 2460 2049 2469 ’

278 2562 462 2604 tantum
500 2573 648 2606 nexus
686 2560 1035 2608 sententiarum
1070 2561 1430 2621 restituendus,
1468 2562 1680 2611 fortasse
1714 2562 1764 2609 in
1791 2562 1955 2610 verbis

278 2641 459 2703 aliquid
497 2644 778 2692 mutandum
813 2645 918 2692 erit.
982 2645 1043 2692 Et
1076 2645 1403 2709 suspitionem
1438 2646 1636 2709 quidem
1671 2651 1837 2695 movet
1874 2642 1956 2715 φέ·
2050 2694 2055 2711 <

281 2741 426 2793 ροντα
453 2743 499 2775 v.
529 2729 644 2786 540,
680 2729 812 2791 quod
847 2735 896 2777 et
921 2730 1126 2778 articulo
1155 2735 1288 2779 caret
1313 2736 1362 2779 et
1395 2731 1538 2780 nimis
1566 2746 1723 2796 prope
1750 2746 1858 2780 cum
1882 2735 1956 2794 τῷ

280 2806 472 2877 φέροντι
507 2827 552 2858 v.
591 2815 683 2861 541
738 2815 1043 2863 coniunctum
1085 2820 1183 2876 est,
1227 2816 1436 2879 denique
1477 2817 1609 2879 quod
1643 2820 1862 2866 contorte
1895 2817 1955 2876 is,

280 2895 360 2956 qui
387 2893 653 2958 Sphingem
688 2903 851 2961 portat
882 2900 1184 2958 nominatur,
1223 2915 1330 2949 cum
1364 2901 1526 2965 ipsam
1552 2901 1824 2966 Sphingem
1858 2915 1956 2949 non

281 2979 548 3028 admissum
575 2981 633 3028 iri
661 2982 755 3030 dici
780 2988 987 3046 poterat.
1047 2984 1280 3034 Fortasse
1311 2986 1461 3048 igitur
1484 3001 1574 3049 pro
1602 2981 1812 3054 φέροντα
1837 2985 1955 3034 scri·
2046 3036 2055 3044 .

282 3063 492 3112 bendum
537 3070 613 3113 est
653 3072 891 3135 κυροῧσαν
935 3064 1013 3132 (ut
1049 3065 1200 3134 382);
1236 3085 1331 3132 qua
1373 3071 1561 3120 ratione
1595 3071 1807 3135 probata
1841 3071 1956 3120 sub·

286 3147 457 3196 iectum
487 3151 739 3212 sequentis
767 3155 1037 3203 sententiae
1065 3169 1120 3203 ex
1149 3155 1370 3219 simplice
1397 3156 1587 3205 obiecto
1613 3155 1956 3219 praecedentis
