2055 3589
1047 229 1113 280 28

245 410 330 458 illa
365 409 495 456 dicta
520 404 776 453 Furiarum
814 407 862 451 et
887 401 1135 465 Apollinis
1169 402 1368 449 inverso
1407 399 1579 448 ordine
1613 404 1728 448 ante
1765 416 1810 448 v,
1835 402 1930 449 721

243 493 622 547 transferuntur,
660 494 714 536 ut
747 493 1013 550 postquam
1048 486 1223 533 dixerit
1247 484 1430 548 Apollo
1460 484 1536 532 ‘tu
1562 485 1858 534 inhonorata
1882 499 1936 533 es

243 577 374 640 apud
403 589 573 623 omnes
598 573 740 622 deos:
768 587 859 634 ego
878 571 1094 618 vincam⁷
1116 569 1293 618 Furiae
1313 569 1650 633 respondeant
1676 569 1769 617 ‘ita
1788 570 1938 629 dicis;

243 666 294 709 at
320 661 361 708 si
388 673 486 707 non
512 673 752 721 assequar
777 657 1011 704 iudicium
1037 654 1248 702 molesta
1268 654 1318 702 in
1337 655 1465 702 hanc
1485 659 1667 702 terram
1687 654 1938 713 revertar,’

249 774 304 781 —
337 750 439 792 tum
465 747 628 791 autem
655 741 835 804 Apollo
864 740 1016 787 verba
1043 739 1340 802 detorquens
1369 737 1448 787 ‘tu
1473 739 1708 787 iudicium
1734 754 1835 788 non
1858 754 1938 788 as·

245 834 414 878 secuta
438 829 596 876 virum
623 841 792 874 vomes
820 824 1030 871 inimicis
1058 823 1258 872 minime
1283 824 1579 884 molestum,’
1606 823 1818 887 denique
1843 823 1940 873 Fu·

2016 664 2053 702 res

2021 748 2055 787 ex(

2024 840 2038 872 a
2048 820 2055 867 1

243 916 345 963 riae
372 914 517 961 minis
544 916 592 960 et
619 910 852 959 conviciis
875 908 1104 957 cohibitis
1126 908 1322 956 facticia
1341 909 1697 971 tranquillitate
1719 923 1773 957 se
1792 907 1941 956 finem
2022 908 2055 957 §a

246 1002 503 1062 expectare
531 996 710 1044 dicant.
753 993 854 1042 Nec
874 1008 991 1042 vero
1017 997 1151 1042 recte
1177 993 1356 1056 aliquis
1383 993 1433 1040 in
1463 1008 1521 1042 eo
1550 993 1782 1051 offendat,
1811 993 1941 1056 quod
2025 1007 2055 1042 w

246 1098 352 1131 cum
378 1081 553 1129 Furiae
582 1080 793 1128 dixerint
819 1078 896 1126 ‘tu
922 1082 1118 1127 veteres
1146 1078 1265 1126 deas
1294 1078 1409 1125 vino
1446 1078 1682 1126 induxisti
1696 1079 1723 1139 ,’
1759 1078 1942 1142 Apollo
2030 1092 2055 1126 ix

245 1168 307 1216 ad
333 1162 431 1214 alia
457 1169 700 1213 transeat:
739 1165 813 1212 ‘at
839 1168 889 1211 tu
917 1163 1050 1226 apud
1079 1177 1238 1211 novos
1266 1167 1559 1225 veteresque
1586 1163 1709 1212 deos
1734 1163 1942 1212 inhono-

245 1257 352 1300 rata
378 1265 448 1308 eS,
477 1265 568 1312 ego
596 1254 759 1297 autem
788 1249 1020 1307 vincam'3
1060 1248 1243 1311 Apollo
1272 1249 1402 1297 enim
1430 1263 1540 1296 cum
1567 1248 1628 1297 de
1654 1248 1836 1296 iniuria
1859 1248 1947 1297 illa

244 1336 412 1385 Parcis
447 1334 600 1382 inlata
636 1349 689 1382 se
725 1350 770 1381 v.
801 1336 896 1381 717
937 1335 1058 1381 satis
1096 1333 1372 1382 defenderit
1408 1333 1615 1382 moleste
1647 1330 1744 1382 fert
1769 1332 1946 1381 Furias

247 1422 406 1469 denuo
433 1420 548 1467 illuc
574 1420 752 1467 reverti
782 1419 1148 1481 opprobrioque
1177 1419 1248 1466 eis
1286 1419 1477 1467 obiecto
1513 1419 1629 1466 inde
1665 1418 1784 1466 abit.
1843 1417 1945 1466 Nec

246 1506 375 1554 enim
412 1504 538 1552 alius
575 1519 726 1552 nexus
763 1510 838 1552 est
873 1503 1226 1551 sententiarum
1255 1503 1303 1550 in
1331 1503 1577 1551 tralaticia
1610 1504 1868 1566 scriptura,
1897 1502 1946 1550 in

247 1605 344 1652 qua
378 1590 529 1637 verba
563 1588 758 1650 quidem
797 1584 853 1634 σύ
888 1602 966 1633 τοι
1003 1588 1065 1636 ab
1094 1588 1325 1650 Apolline
1364 1589 1541 1636 acerbe
1577 1589 1756 1637 iterata
1789 1588 1946 1636 videri

247 1680 483 1738 possunt,
524 1673 770 1721 sententia
806 1678 969 1720 autem
1007 1672 1153 1734 plane
1182 1688 1310 1721 nova
1337 1678 1428 1720 est.
1487 1672 1613 1720 Illud
1644 1667 1701 1719 σύ
1727 1688 1805 1720 τοι
1831 1688 1947 1722 vero

248 1761 392 1808 etiam
420 1763 537 1821 post
564 1753 664 1825 ἐγὼ
694 1745 749 1803 δὲ
776 1758 960 1821 optime
989 1772 1043 1805 se
1068 1757 1232 1805 habet.

353 1840 597 1890 Plurium
630 1856 750 1889 vero
787 1857 1031 1890 versuum
1068 1857 1294 1909 corpora
1332 1857 1430 1890 non
1466 1847 1828 1906 componuntur
1852 1843 1951 1892 nisi

251 1929 457 1991 singulis
493 1928 722 1990 paribuS,
763 1931 961 1990 praeter
987 1927 1210 1991 Choeph.
1242 1929 1368 1986 499,
1404 1927 1489 1976 ubi
1514 1932 1681 1976 tamen
1708 1942 1766 1976 ex
1790 1928 1950 1977 tribus

248 2013 554 2061 ternionibus
582 2013 783 2060 ultimus
810 2028 840 2059 a
867 2013 1015 2061 choro
1049 2013 1112 2060 ad
1140 2013 1318 2062 fratres
1354 2012 1619 2060 accedente
1656 2013 1949 2076 pronuncia-

247 2103 326 2146 tus
354 2112 529 2145 novam
557 2102 747 2159 partem
777 2097 1007 2160 colloquii
1033 2098 1230 2160 incipit3
1261 2103 1308 2146 et
1330 2113 1480 2161 saepe
1503 2098 1701 2160 quidem
1724 2097 1950 2146 dubitare

250 2182 376 2239 licet,
406 2187 566 2229 utrum
592 2182 641 2229 in
670 2182 873 2245 paribus
901 2183 1257 2245 componendis
1287 2198 1432 2230 casus
1460 2198 1522 2230 an
1548 2182 1810 2231 consilium
1831 2197 1952 2246 poe-

250 2272 328 2314 tae
355 2266 726 2328 agnoscendum
754 2267 834 2315 sit.
874 2266 951 2313 Ita
976 2267 1053 2314 bis
1080 2267 1207 2315 terni
1230 2281 1404 2315 versus
1429 2272 1791 2330 componuntur
1813 2268 1951 2318 Pers,

253 2354 369 2409 430,
396 2351 532 2414 Sept.
559 2354 673 2408 350,
711 2352 746 2398 ii
771 2351 971 2414 quidem
998 2356 1046 2399 et
1072 2358 1361 2413 argumento
1391 2357 1439 2399 et
1469 2352 1634 2400 verbis
1662 2341 1856 2418 σπουδῇ
1885 2349 1952 2416 (ἤ)

251 2462 317 2469 -
343 2423 511 2482 ποδῶν
538 2433 616 2496 (α)
644 2436 880 2499 oppositi,
910 2437 1085 2497 Agam.
1108 2438 1253 2484 1006.
1283 2435 1501 2499 Choeph.
1520 2439 1637 2484 477.
1664 2435 1782 2486 491.
1811 2437 1950 2487 Eum.

255 2521 370 2568 228.
401 2522 517 2579 572,
559 2526 817 2584 praeterea
844 2520 1016 2584 Suppl.
1048 2523 1175 2579 584,
1217 2521 1259 2568 si
1287 2521 1599 2570 Hermannus
1627 2527 1760 2571 recte
1787 2524 1954 2586 suspi-

255 2610 392 2651 catus
435 2609 533 2661 est,
574 2611 684 2654 ante
722 2622 767 2653 v.
798 2608 897 2654 585
941 2621 1136 2654 versum
1177 2606 1445 2665 excidisse3
1485 2607 1564 2655 bis
1605 2612 1955 2669 quaternorum

254 2687 414 2737 Prom.
436 2690 551 2748 509,
579 2691 654 2738 bis
681 2692 941 2752 quinorum
968 2690 1129 2738 Prom.
1149 2692 1265 2738 332.
1286 2693 1403 2750 748,
1432 2691 1508 2740 bis
1538 2706 1770 2741 senorum
1797 2689 1956 2757 (tetr.)

254 2773 389 2821 Pers,
400 2775 513 2830 704;
532 2775 648 2835 quin
661 2777 805 2823 etiam
819 2776 1055 2824 maiorum
1070 2790 1383 2824 numerorum
1398 2777 1801 2839 aequabilitatem
1812 2778 1954 2826 resti-

255 2858 346 2904 tuit
370 2856 678 2907 Hermannus
701 2861 747 2906 in
771 2861 1021 2922 agnitione
1045 2859 1451 2924 Choephororum
1475 2863 1569 2910 ⁶221
1587 2890 1627 2897 ψ
1652 2863 1769 2921 260,
1791 2863 1956 2925 priore

256 2943 477 2990 oratione
505 2941 695 2991 Orestis
724 2960 813 3006 per
838 2947 1064 2993 lacunam
1093 2951 1209 3008 post
1236 2961 1280 2993 v.
1307 2948 1405 2995 228
1436 2947 1702 2995 indicatam
1731 2947 1957 3008 sequenti

257 3026 456 3074 dictioni
494 3027 715 3076 Electrae
749 3033 801 3076 ll
840 3045 1070 3078 versuum
1109 3036 1345 3091 aequata,
1389 3031 1545 3080 altera
1583 3036 1746 3080 autem
1779 3033 1838 3080 18
1874 3047 1953 3079 vv.

258 3124 409 3171 aeque
450 3111 577 3159 inter
614 3111 837 3161 Orestem
875 3115 1216 3176 Electramque
1259 3111 1539 3164 distributa.
1598 3115 1687 3165 Cui
1729 3116 1956 3178 equidem

259 3195 438 3242 accedo
477 3210 565 3243 nec
602 3201 859 3259 praeterea
894 3200 1159 3261 quidquam
1197 3200 1482 3248 mutandum
1525 3215 1637 3249 esse
1675 3206 1820 3263 put0,
1859 3201 1955 3250 nisi

262 3279 389 3339 quod
419 3294 590 3330 versus
621 3282 719 3329 234
749 3287 862 3329 ante
893 3285 986 3332 241
1019 3285 1424 3348 transponendus
1452 3292 1544 3345 est,
1584 3290 1637 3334 ut
1660 3285 1778 3334 illud
1810 3281 1958 3353 μόνον

2037 1180 2055 1227 Ρ

2044 2629 2055 2660 r<
2043 2544 2055 2576 Ε
2043 2444 2055 2489 τ’·
2044 2373 2055 2420 ἘΩ
2046 2292 2055 2320 ..Α
