2055 3589
869 63 938 114 43

65 241 322 302 appareat,
337 253 415 285 vv.
435 238 725 286 498-501.
766 235 863 284 Sed
882 235 1000 284 illud
1021 230 1138 302 πρὸς
1155 238 1257 281 τῶν
1277 229 1589 300 κρατούντων
1605 235 1739 281 κ.τ.λ.

64 339 162 371 non
202 326 366 385 potest
403 336 596 370 versum
624 323 724 369 494
763 321 928 369 statim
967 320 1130 381 sequi3
1170 323 1317 381 atque
1355 319 1596 381 praebent
1630 318 1741 366 libri

45 394 188 455 ‘duos
214 406 501 466 versiculoS,
536 405 713 468 quibus
747 408 1047 452 annectatur.
1104 404 1172 451 Ex
1201 403 1377 465 quibus
1414 402 1548 466 prior
1573 398 1742 449 κοῦπω

62 506 135 546 τις
161 477 260 537 εἶδε
278 485 426 543 ,Ζῆνά
450 505 545 536 που
582 489 708 549 (sive
734 504 841 538 cum
869 488 1100 536 Elmsleio
1135 487 1278 536 malis
1312 486 1425 547 του)
1445 480 1743 553 νικώμενον,

64 575 301 624 inutiliter
325 575 476 633 addit,
505 574 634 636 quod
661 578 711 622 et
735 574 783 621 in
809 568 1122 641 κρατούντων
1149 572 1278 620 inest
1311 576 1359 620 et
1385 572 1463 625 vix
1488 587 1622 634 opusv
1640 575 1745 620 erat

65 660 342 719 enuntiare3
371 659 495 707 alter
520 673 635 707 vero
663 673 780 706 sane
806 657 1098 721 reprehendi
1124 660 1291 720 potest
1316 671 1424 704 cum
1451 657 1513 704 ob
1540 656 1743 704 verbum

62 742 347 811 προςφίλεια
384 744 434 791 in
472 743 650 791 Atticis
689 743 1013 806 scriptoribus
1051 746 1247 805 praeter
1282 741 1411 789 hunc
1449 741 1609 788 locum
1647 755 1743 788 non

65 829 260 887 lectum,
287 842 581 890 quamquam
601 822 854 894 προςφιλὲς
875 841 1020 875 versu
1042 828 1134 874 561
1163 826 1388 884 occurrit,
1414 829 1516 873 tum
1544 825 1605 872 ob
1633 839 1743 873 sen-

62 914 264 962 tentiam
299 911 439 961 ‘talis
473 927 588 961 vero
625 916 701 960 est
735 912 893 974 gratia
927 911 1167 970 deorum'‚
1210 925 1319 972 cum
1350 910 1624 972 requiratur
1661 913 1746 957 aut

64 996 162 1045 ‘sic
188 997 448 1060 dispertita
475 1001 551 1045 est
577 996 734 1058 gratia
760 996 997 1056 deorum’‚
1031 1000 1116 1044 aut
1141 996 1234 1043 ‘ita
1261 994 1328 1042 dii
1353 994 1481 1043 inter
1507 1009 1561 1043 se
1586 1008 1743 1057 oppo-

64 1082 145 1130 siti
169 1083 322 1130 sunt'.
382 1081 593 1142 Quarum
620 1081 862 1129 rationum
886 1081 1092 1129 alteram
1116 1080 1482 1129 Heimsoethius
1510 1079 1579 1126 ita
1602 1079 1744 1127 resti-

63 1170 198 1214 tuere
228 1167 395 1226 voluit,
423 1171 475 1214 ut
501 1181 590 1229 pro
618 1166 917 1227 glossemate
942 1162 1226 1232 προςφίλεια
1247 1179 1416 1212 vocem
1437 1152 1746 1231 ξυναλλαγαὶ

63 1256 175 1299 ante
198 1238 443 1316 δαιμόνων
470 1252 730 1311 insereret3
758 1264 900 1311 quam
924 1249 1311 1297 emendationem
1333 1263 1625 1311 quamquam
1647 1264 1742 1296 non

65 1336 321 1384 certiorem
350 1351 459 1383 esse
486 1339 604 1398 puto
633 1349 777 1396 quam
803 1335 954 1381 ullam
981 1348 1038 1381 ex
1059 1334 1372 1395 glossematis
1394 1333 1638 1394 fingendis
1659 1348 1744 1395 pe-

62 1420 228 1479 titam,
272 1425 434 1468 tamen
481 1434 588 1467 cum
633 1419 873 1467 eiusmodi
914 1418 1207 1466 sententiam
1244 1418 1510 1466 mendosae
1549 1418 1746 1466 lectioni

63 1505 270 1552 subesse
296 1505 506 1560 credam,
535 1519 729 1552 versum
757 1503 993 1552 retinebo.
1034 1503 1330 1551 Ritschelius
1353 1517 1467 1550 vero
1489 1517 1598 1550 eum
1626 1503 1744 1550 omi-

62 1589 128 1637 sit
153 1594 201 1636 et
228 1604 335 1637 cum
365 1605 409 1637 v.
433 1591 549 1648 495,
578 1603 672 1650 quo
700 1588 982 1636 Dindorfius
1010 1591 1059 1636 et
1083 1587 1304 1636 Prienius
1332 1587 1601 1636 orationem
1631 1602 1744 1635 con·

64 1672 333 1732 cluserant,
370 1673 532 1721 statim
572 1673 818 1722 coniunxit
843 1689 888 1721 v.
918 1675 1035 1730 497,
1073 1687 1196 1734 quae
1222 1673 1346 1720 ratio
1381 1677 1576 1735 praeter
1601 1672 1744 1720 inuti-

63 1757 158 1806 lem
185 1774 230 1805 ν.
261 1759 360 1805 495
399 1758 542 1806 etiam
579 1758 787 1821 abrupto
823 1757 918 1806 fine
946 1773 1034 1821 per
1060 1773 1106 1805 v;
1134 1758 1232 1805 497
1261 1757 1388 1804 facto
1415 1757 1626 1806 molesta
1651 1761 1741 1805 est.

63 1842 244 1891 Contra
272 1842 473 1890 Weilius
509 1842 724 1890 Keckius
759 1842 1123 1891 Heimsoethius
1162 1856 1331 1889 omnes
1370 1857 1541 1890 versus
1578 1842 1743 1890 defen-

62 1927 252 1986 derunt,
280 1928 596 1990 quamobrem
617 1927 805 1990 priores
828 1927 897 1975 illi
919 1927 1014 1975 duo
1033 1927 1254 1975 lacunam
1277 1926 1325 1974 in
1349 1927 1568 1976 oratione
1590 1927 1746 1975 nuntii

60 2016 231 2061 notare
259 2013 414 2060 coacti
442 2016 571 2071 sunt,
600 2027 745 2074 quam
773 2011 988 2060 Keckius
1009 2012 1262 2075 Typhonis
1291 2027 1335 2059 v.
1355 2013 1416 2059 47
1425 2015 1470 2060 4.
1495 2014 1594 2060 475
1623 2012 1744 2060 satis

62 2103 114 2144 ut
152 2098 328 2160 opinor
366 2097 598 2160 descripti
638 2098 914 2145 narratione
952 2098 1191 2160 ampliore
1228 2112 1286 2145 ex
1322 2097 1538 2146 Hesiodo
1575 2098 1744 2160 petita,

61 2181 148 2230 sed
183 2198 215 2229 a
249 2181 562 2247 simplicitate
596 2187 644 2230 et
678 2182 917 2230 brevitate
952 2182 1228 2245 Aeschylea
1265 2182 1414 2246 plane
1452 2182 1745 2230 abhorrente

61 2266 289 2328 explevit.

166 2349 261 2399 Sed
305 2351 567 2399 maximum
612 2355 910 2399 momentum
954 2352 1158 2401 habebit
1196 2352 1427 2401 iudicium
1466 2351 1525 2400 de
1563 2349 1744 2417 quinto

60 2436 182 2497 pari,
209 2450 334 2497 quae
361 2437 608 2484 orationes
635 2451 778 2498 quam
805 2436 1094 2498 longissime
1121 2438 1377 2497 distantcS‚
1408 2441 1462 2485 ut
1486 2437 1534 2484 in
1561 2448 1743 2500 aequa-

60 2521 298 2570 bilitatem
326 2521 645 2569 restituantur
673 2521 963 2583 gravissime
998 2522 1329 2570 immutandae
1366 2526 1503 2581 sunt,
1542 2526 1591 2570 et
1625 2537 1743 2570 sane

62 2605 507 2654 vehementissimis
530 2606 814 2654 criminibus
836 2607 997 2655 locum
1018 2607 1270 2656 dederunt.
1308 2607 1433 2655 Nam
1447 2607 1743 2656 Ritschelius

61 2690 111 2737 in
133 2690 303 2752 primis
330 2691 486 2737 nuntii
507 2691 672 2739 verbis
693 2706 870 2739 nomen
888 2691 1250 2755 Parthenopaei
1273 2691 1585 2752 desideravit,
1613 2692 1741 2754 quod

62 2785 110 2823 et
136 2775 283 2822 ceteri
310 2775 458 2823 duces
485 2776 650 2822 statim
678 2777 726 2824 in
754 2778 889 2825 initio
917 2777 1152 2825 nominati
1181 2777 1280 2825 sint
1314 2781 1362 2824 et
1396 2791 1545 2825 sensu
1580 2781 1745 2824 careat

60 2859 226 2907 multis
255 2859 418 2908 verbis
444 2860 690 2909 hominem
717 2861 995 2910 describere
1022 2862 1071 2909 in
1098 2863 1306 2924 ipsoque
1333 2861 1529 2910 nomine
1557 2862 1739 2919 ludere,

60 2959 150 2993 nec
175 2949 336 2993 tamen
365 2960 541 2992 nomen
568 2945 728 3008 ipsum
756 2947 850 2995 nisi
877 2947 1077 3008 longum
1106 2952 1222 3009 post
1247 2946 1558 2996 intervallum
1588 2947 1741 2994 nomi-

61 3045 192 3078 nare.
225 3029 327 3078 Nec
342 3045 457 3078 vero
479 3031 591 3078 ferri
614 3045 763 3093 posse
786 3046 960 3080 nomen
978 3032 1026 3079 in
1049 3048 1092 3080 v,
1111 3034 1209 3081 528
1233 3032 1444 3096 positum
1470 3032 1532 3080 ob
1552 3031 1741 3080 inaudi-

62 3119 160 3162 tam
175 3130 453 3164 mensuram
468 3117 602 3164 vocis
620 3111 666 3162 ll
672 3112 1014 3184 αρῦἓνοπαῖός.
1035 3118 1254 3182 Denique
1270 3118 1429 3183 ipsum
1446 3116 1580 3166 illum
1598 3118 1742 3168 finem
