2055 3589
1010 104 1077 155 68

194 286 367 334 Furiae
394 288 440 331 et
467 278 895 329 vehementissime
927 276 1146 338 quidem,
1183 275 1298 323 dum
1335 274 1548 323 tabellae
1583 273 1882 325 iniciuntur?

195 369 332 430 Quod
372 372 532 415 autem
569 364 670 412 illic
706 362 886 425 Apollo
923 360 1068 408 minis
1104 373 1269 406 earum
1305 359 1491 406 nullum
1530 357 1739 421 opponit
1772 373 1883 419 pro·

199 455 426 508 missum,
474 450 595 497 satis
636 452 836 495 excusat
863 444 1037 492 Furias
1073 443 1121 490 in
1150 446 1320 491 nostro
1366 442 1474 489 loco
1519 442 1680 490 nullas
1725 441 1884 490 minas

193 536 511 600 proferentes.
572 531 667 580 Sed
695 545 755 578 ne
795 526 1191 591 interpolationis
1219 526 1413 588 quidem
1447 530 1734 587 argumento
1770 540 1883 589 pro·
1955 535 1962 540 ’

194 622 305 668 bato
334 618 518 667 numeri
545 620 676 664 recte
704 630 758 663 se
783 614 1046 670 haberent,
1075 625 1200 673 quos
1229 609 1433 658 Weilius
1462 610 1716 658 contendit
1743 610 1883 672 quin-

193 718 283 766 que
313 702 536 749 versibus
564 699 818 761 augendos
847 711 958 745 esse
987 696 1049 743 ob
1087 708 1398 742 numerorum
1434 694 1702 754 rationem,
1740 695 1885 756 plane

194 787 325 835 nulla
351 786 447 832 alia
475 785 534 832 (le
564 799 725 832 causa.
774 781 1007 842 Quartam
1036 778 1214 826 deinde
1243 783 1434 841 partem
1462 793 1558 826 non
1585 778 1747 826 minus
1774 792 1884 840 per-

195 870 430 928 turbavit,
459 869 683 917 versibus
708 869 822 914 671.
850 866 946 912 672
977 863 1196 926 Apollini
1223 863 1422 911 tributis
1450 867 1498 911 et
1524 877 1633 911 cum
1662 877 1739 909 vv.
1768 863 1883 910 668.

197 957 292 1003 669
333 954 476 1002 sedes
505 954 782 1015 permutare
819 948 992 996 iussis:
1033 952 1134 994 tum
1172 947 1300 995 enim
1337 947 1485 1009 plane
1520 961 1618 995 non
1645 945 1885 1009 perspici-

196 1045 286 1097 tur,
316 1053 399 1085 eur
427 1037 644 1084 Minerva
668 1033 842 1082 Furias
868 1036 1025 1093 roget,
1053 1031 1298 1093 quomodo
1326 1031 1426 1079 illis
1454 1031 1741 1079 satisfacere
1770 1045 1885 1094 pos-

195 1123 283 1180 sit,
333 1136 437 1168 cum
486 1121 532 1167 in
575 1119 753 1167 tradito
799 1117 968 1166 ordine
1015 1130 1211 1163 eausam
1258 1115 1572 1178 aptissimam
1618 1115 1889 1178 praebeant

195 1205 542 1269 praecedentes
582 1203 742 1250 minae
781 1202 1049 1250 Furiarum.
1115 1200 1224 1247 Jam
1266 1199 1396 1262 quod
1437 1199 1656 1262 quintam
1695 1202 1885 1262 partem

195 1291 390 1349 attinet,
430 1288 633 1336 Weilius
678 1288 725 1334 in
764 1287 1011 1334 Minervae
1047 1285 1266 1333 oratione
1305 1284 1574 1333 Hermanni
1612 1283 1886 1345 transposi-

196 1375 373 1422 tionem
405 1389 476 1420 vv.
501 1373 774 1420 675—677
798 1385 896 1418 non
918 1370 1119 1432 recepit,
1149 1374 1249 1416 tum
1273 1369 1398 1417 male
1427 1384 1602 1417 novam
1632 1368 1887 1431 periodum

195 1458 410 1520 incipere
446 1457 561 1504 fecit
597 1471 654 1504 ex
690 1471 733 1502 V.
775 1457 865 1502 691
907 1459 1077 1517 aperte
1114 1469 1220 1501 cum
1258 1453 1672 1516 praecedentibus
1713 1453 1887 1500 cohae-

196 1547 344 1590 rente.
385 1540 571 1589 Deinde
599 1540 648 1587 in
676 1543 812 1587 sexta
840 1538 1083 1600 quomodo
1111 1538 1337 1586 binioncs
1375 1538 1503 1585 inter
1530 1537 1813 1601 Apollinem
1842 1541 1891 1585 et

199 1627 398 1674 chorum
428 1625 714 1673 distributos
743 1616 1043 1681 tractaverit,
1072 1637 1223 1685 supra
1251 1622 1475 1670 vidimuS.
1527 1622 1622 1670 Sed
1651 1623 1730 1669 vix
1756 1621 1891 1669 credi

196 1714 381 1772 potest,
419 1710 595 1771 quibus
630 1708 902 1756 rationibus
930 1721 1050 1754 usus
1090 1707 1176 1765 sit,
1213 1711 1266 1754 ut
1295 1720 1458 1754 veram
1496 1706 1589 1755 loci
1617 1705 1889 1768 aequabili-

196 1799 367 1852 tatem,
414 1808 509 1854 qua
548 1794 671 1840 ratio
719 1791 1096 1854 stichomythiea
1135 1791 1317 1839 maiore
1356 1805 1556 1839 numero
1602 1791 1892 1838 terminatur

196 1878 379 1926 deleret
405 1878 781 1939 restitueretque
809 1887 1038 1924 numeros
1068 1890 1241 1938 pareS,
1279 1875 1365 1923 sed
1395 1890 1601 1938 prorsus
1638 1875 1892 1938 impariter

197 1962 508 2010 distributos:
545 1966 659 2025 post
686 1977 731 2008 V.
765 1963 861 2008 725
902 1961 1055 2017 enim,
1093 1975 1188 2022 quo
1224 1960 1274 2007 ni
1313 1960 1511 2021 egregie
1550 1959 1694 2007 fallor
1720 1974 1891 2008 omnes

133 2090 137 2093 ,
197 2046 412 2094 sentiunt
457 2046 750 2108 colloquium
795 2046 920 2093 inter
964 2044 1139 2092 Furias
1185 2044 1564 2107 Apollinemque
1610 2044 1764 2104 finiri,
1818 2044 1891 2091 in-

197 2131 345 2178 seruit
372 2145 517 2177 unum
546 2144 742 2178 versum
771 2129 1019 2192 Apollinis
1045 2140 1195 2176 urnas
1223 2129 1400 2176 inverti
1427 2129 1666 2177 iubentis:
1696 2129 1889 2191 qualem

197 2228 389 2277 versum
428 2214 763 2277 praecessisse
801 2213 921 2261 satis
959 2213 1264 2261 declararent
1305 2213 1551 2261 Minervae
1588 2214 1740 2261 verba
1776 2209 1892 2281 ἐμὸν

198 2286 302 2343 τόδ’
343 2299 497 2365 ἔργον.
564 2298 670 2347 Non
711 2298 860 2360 igitur
899 2298 1054 2346 sensit
1089 2298 1163 2344 vir
1201 2298 1541 2356 acutissimus,
1584 2313 1729 2360 quam
1767 2297 1891 2344 indi-

199 2397 344 2443 gnum
383 2382 569 2444 tragico
607 2383 848 2446 imprimis
879 2382 1125 2443 Aeschylo
1163 2381 1251 2439 sit,
1290 2382 1433 2429 deum
1470 2398 1499 2429 a
1540 2383 1654 2442 dea,
1694 2381 1891 2429 fratrem

197 2482 225 2513 a
253 2480 419 2514 sorore
446 2467 737 2528 reprehendi
765 2467 950 2526 facere,
981 2467 1120 2528 quasi
1148 2466 1266 2513 haee
1298 2467 1508 2525 timeret,
1537 2481 1596 2514 ne
1623 2467 1782 2514 honos
1809 2466 1892 2514 de-

200 2549 328 2597 bitus
368 2550 458 2597 sibi
496 2552 871 2613 praeriperetur.
933 2551 1111 2598 Verum
1141 2550 1336 2598 omnino
1373 2551 1492 2598 illud
1525 2552 1666 2619 ἔργον
1693 2565 1792 2598 non
1819 2554 1896 2599 est

201 2649 346 2682 urnas
384 2636 557 2682 inverti
595 2636 785 2694 iubere,
843 2637 929 2684 sed
966 2637 1186 2683 ultimum
1225 2635 1369 2697 idque
1407 2636 1757 2697 gravissimum
1793 2635 1894 2683 suf-

203 2719 408 2780 fragium
438 2719 576 2767 ferre.
634 2720 899 2782 Aliquanto
929 2735 1048 2769 sane
1077 2720 1308 2767 maiorem
1339 2721 1554 2783 speciem
1584 2720 1735 2768 habet
1761 2719 1892 2767 aliud

203 2803 476 2865 exemplum
514 2805 904 2865 aequabilitatis,
947 2805 1075 2867 quod
1106 2803 1309 2852 Weilius
1347 2805 1393 2851 in
1423 2804 1660 2867 proximis
1689 2805 1784 2852 sibi
1822 2805 1893 2851 in-

206 2888 347 2934 venit.
413 2887 679 2935 Duodecim
718 2891 844 2937 enim
889 2904 1061 2938 versus
1093 2891 1366 2937 734—745
1409 2904 1465 2937 ex
1502 2889 1579 2937 bis
1619 2889 1753 2938 senis
1781 2902 1894 2936 con-

207 2975 360 3018 stare:
389 2985 471 3018 sex
501 2972 691 3034 priores
720 2975 1041 3036 pronuntiari,
1073 2973 1184 3021 dum
1209 2974 1381 3021 calculi
1411 2974 1665 3031 eiciantur,
1693 2972 1893 3031 alteros,

206 3054 316 3100 (lum
359 3061 709 3104 numerentur:
741 3058 1007 3106 Minervam
1049 3059 1097 3106 in
1139 3064 1345 3120 utraque
1387 3063 1525 3120 parte
1561 3057 1684 3105 duos
1722 3071 1892 3105 versus

210 3139 439 3200 proferre,
469 3141 683 3203 reliquos
712 3148 918 3203 quatuor
945 3143 991 3191 in
1022 3144 1182 3206 priore
1212 3141 1339 3191 inter
1365 3142 1588 3191 Orestem
1618 3146 1667 3190 et
1692 3142 1892 3189 chorum
