2055 3589
891 219 955 270 61

194 394 296 442 Iam
325 397 586 456 postquam
612 407 783 441 omnes
808 392 944 440 locos
971 389 1275 448 enumeravi,
1306 389 1388 452 qui
1413 388 1760 450 responsiones

89 493 398 546 numerorum
436 478 696 527 exhibeant
732 477 806 526 vel
842 476 1070 524 exhibere
1103 474 1258 522 videri
1294 473 1511 536 possint,
1550 472 1761 521 fortasse

85 563 263 625 aliquis
302 568 528 624 quaerat,
561 562 804 624 quomodo
831 561 1009 610 factum
1047 559 1135 617 sit,
1171 563 1223 606 ut
1248 572 1357 606 cum
1393 557 1614 621 equidem
1650 560 1765 620 post

86 648 210 696 alios
247 662 404 710 pauca
439 647 661 710 exempla
695 645 1058 709 aequabilitatis
1097 657 1251 706 eaque
1287 647 1483 706 praeter
1515 642 1763 690 trimetros

87 732 364 794 singulares
401 732 696 780 carminibus
724 731 990 795 strophicis
1027 728 1271 778 admixtos
1307 727 1469 775 omnia
1508 741 1616 774 cum
1653 740 1762 789 per-

88 832 320 866 sonarum
355 816 669 880 oppositione
705 817 963 864 coniuncta
1000 813 1294 876 invenerim,
1331 811 1508 862 Weilio
1548 811 1763 872 contige-

88 902 177 962 rit,
204 907 256 949 ut
281 902 371 949 toti
398 901 617 949 diverbio
645 901 1042 963 aequabilitatem
1071 899 1351 947 vindicaret.
1404 897 1592 945 Etenim
1621 895 1766 956 longe

89 986 238 1034 aliam
253 986 382 1034 viam
404 985 485 1033 ille
507 986 761 1047 ingressus
783 985 991 1048 primum
1008 968 1252 1047 aequavit,
1275 997 1398 1046 quae
1418 986 1530 1030 ante
1552 996 1660 1030 eum
1678 994 1767 1044 pro

88 1071 441 1120 diversissimis
479 1071 649 1119 habita
683 1075 822 1118 erant
856 1070 1114 1132 omniaque
1152 1073 1308 1118 metra
1334 1067 1541 1116 diverbii
1561 1067 1689 1114 inter
1715 1079 1768 1114 se

89 1157 391 1221 respondere
430 1157 566 1215 fecit,
606 1157 852 1204 trimetros
880 1154 1142 1213 iambiCOS,
1170 1153 1399 1201 dimidias
1426 1156 1594 1215 partes
1621 1155 1768 1199 tetra-

91 1246 353 1290 metrorum
381 1242 759 1301 trochaicorum,
786 1240 1021 1287 dimetros
1042 1242 1472 1300 monometrosque
1493 1235 1769 1298 anapaesti-

91 1341 200 1384 c08‚
227 1325 592 1374 interjectiones
619 1324 838 1373 cuiusvis
865 1323 1092 1371 ambitus.
1144 1323 1266 1370 Tum
1292 1322 1510 1372 confusis
1536 1335 1770 1384 persona-

89 1427 193 1459 rum
222 1411 446 1474 partibus
473 1409 706 1473 periodos
735 1408 978 1471 quaesivit
1011 1409 1061 1456 in
1088 1408 1362 1469 argumenti
1389 1421 1660 1471 progressu
1678 1444 1689 1466 ,
1723 1406 1770 1452 in

92 1496 441 1544 sententiarum
486 1494 692 1552 finibus3
737 1494 824 1542 sed
872 1509 933 1541 ne
977 1492 1356 1556 interpunctioni
1394 1491 1588 1555 quidem
1634 1506 1771 1539 suam

95 1581 265 1643 cuique
288 1581 386 1629 vim
412 1580 650 1639 tribuens,
679 1580 914 1628 minorem
943 1579 1129 1639 maiori,
1158 1581 1302 1640 prout
1320 1593 1376 1625 ex
1402 1591 1455 1624 re
1483 1580 1586 1624 erat
1611 1575 1775 1638 aequi-

94 1667 300 1729 paravit.
386 1666 454 1713 Ex
496 1666 573 1713 his
624 1665 772 1726 igitur
821 1663 1076 1727 particulis
1128 1663 1359 1726 periodos
1411 1666 1776 1724 systemataque

94 1750 373 1814 composuit
415 1750 712 1813 comparatis
758 1750 885 1797 inter
930 1764 1009 1808 se,
1045 1763 1169 1810 quae
1216 1748 1327 1796 aliis
1369 1747 1539 1796 metris
1576 1746 1776 1809 scripta,

92 1835 234 1883 aliter
268 1849 591 1898 personarum
625 1834 812 1882 vicibus
852 1834 1082 1881 distincta
1118 1838 1306 1890 essent,
1359 1833 1470 1880 dum
1508 1831 1654 1880 modo
1689 1847 1776 1879 nu-

98 1921 247 1969 meris
297 1925 636 1982 congruerent.
709 1918 898 1967 Etenim
950 1918 1075 1966 falso
1128 1917 1379 1966 contendit
1426 1916 1779 1980 responsiones

96 2009 418 2068 systematum
453 2004 718 2052 artificiosa
758 2004 989 2065 variaque
1025 2003 1183 2052 forma
1216 2017 1312 2050 non
1349 2002 1508 2049 minus
1537 2016 1680 2063 quam
1706 2000 1778 2048 in-

97 2090 325 2151 gentibus
352 2089 566 2138 numeris
594 2089 859 2150 insignium
887 2102 1038 2150 saepe
1065 2103 1251 2146 rerum,
1285 2101 1436 2150 saepe
1463 2086 1610 2134 etiam
1638 2100 1779 2134 voca-

98 2175 320 2222 bulorum
378 2174 696 2222 similitudine
753 2173 1035 2234 significari.
1127 2172 1251 2220 Nam
1303 2185 1594 2234 quamquam
1650 2170 1780 2232 apud

97 2259 396 2322 Aeschylum
431 2273 578 2307 voces
614 2258 982 2320 locutionesque
1009 2263 1107 2305 tam
1133 2258 1413 2319 frequenter
1438 2255 1703 2315 iterantur,
1730 2260 1783 2302 ut

97 2345 254 2408 primo
292 2343 487 2407 quidem
523 2344 760 2406 adspectu
799 2343 1015 2391 arridere
1061 2341 1221 2406 possit
1260 2340 1417 2389 Weilii
1456 2338 1652 2403 opinio,
1696 2354 1780 2387 eas

100 2430 415 2491 repetitiones
437 2430 485 2477 in
501 2429 720 2493 periodis
741 2443 1051 2477 numerorum
1069 2425 1408 2488 significandis
1425 2439 1480 2473 ex
1501 2440 1594 2474 usu
1612 2424 1780 2473 fuisse:

98 2519 260 2562 tamen
297 2516 572 2563 accuratius
624 2515 887 2577 inquirenti
924 2512 1195 2561 clarissime
1234 2510 1497 2574 apparebit
1541 2510 1782 2558 rationem

99 2599 346 2648 scribendi
383 2599 707 2661 Aeschyleam
756 2598 901 2646 simul
947 2603 1046 2645 tam
1087 2596 1387 2658 singularem
1436 2596 1783 2658 propriamque

100 2687 244 2746 atque
281 2689 378 2731 tam
416 2684 688 2746 simplicem
716 2688 765 2731 et
798 2685 1098 2746 incomptam
1126 2695 1260 2741 esse,
1296 2685 1351 2728 ut
1376 2694 1473 2728 non
1501 2680 1657 2729 solum
1686 2694 1783 2727 non

101 2772 236 2815 curet
263 2782 434 2816 vocum
472 2768 867 2830 locutionumque
903 2767 1243 2830 repetitionem
1284 2765 1498 2824 evitare,
1537 2764 1626 2812 sed
1664 2778 1783 2813 non-

101 2867 346 2914 nunquam
391 2853 503 2900 illas
529 2853 691 2900 animo
719 2854 857 2914 quasi
884 2852 1128 2900 inculcare
1156 2850 1283 2899 velle
1310 2849 1549 2898 videatur.
1611 2849 1784 2911 Itaque

103 2938 250 2985 etiam
275 2938 322 2985 in
347 2938 640 2986 carminibus
663 2943 710 2985 et
736 2938 784 2985 in
810 2938 1043 2985 trimetris
1066 2952 1173 2984 cum
1195 2935 1492 2984 carminibus
1518 2934 1783 2997 implicatis

101 3022 309 3085 ideoque
334 3022 685 3085 aequabilitate
705 3022 956 3071 adstrictis
985 3036 1135 3084 saepe
1156 3020 1353 3083 quidem
1379 3020 1427 3067 in
1449 3019 1634 3068 eisdem
1662 3018 1784 3066 locis

103 3107 410 3169 periodorum
438 3106 841 3170 respondentium
870 3106 1040 3155 eadem
1065 3106 1214 3154 verba
1241 3105 1406 3153 iterari
1428 3104 1667 3163 videmuS,
1696 3103 1784 3151 sed

102 3190 253 3239 multo
289 3192 590 3254 frequentius
631 3191 680 3238 in
707 3191 917 3240 diversis
956 3191 1077 3239 locis
1105 3191 1182 3239 vel
1217 3191 1268 3238 in
1305 3188 1523 3253 periodis
1550 3188 1685 3236 nulla
1709 3202 1784 3236 re-

102 3275 370 3338 sponsione
386 3276 673 3336 coniunctis‚
692 3276 841 3336 velut,
863 3292 923 3324 ne
945 3276 1073 3324 ultra
1092 3275 1417 3323 trimetrorum
1434 3273 1785 3336 responsiones
