2055 3589
830 61 892 111 41

33 235 330 285 Ritschelius
357 234 404 282 in
432 234 525 282 hoc
548 233 659 298 ipso
684 221 830 281 τόνδε
857 233 1081 293 offendit,
1116 233 1246 296 quod
1273 248 1428 297 neque
1455 233 1516 282 ad
1544 234 1706 296 Mega-

33 335 168 369 reum
211 319 380 367 referri
426 318 606 381 possit,
655 318 842 367 scilicet
878 318 959 381 qui
997 333 1150 380 aeque
1189 321 1334 380 atque
1373 319 1520 367 ceteri
1558 318 1708 368 duces

33 403 252 453 Thebani
278 418 308 450 a
333 417 513 451 scaena
538 403 684 465 plane
709 408 923 451 remotus
950 403 1029 460 sit,
1056 417 1212 464 neque
1233 402 1296 450 ad
1315 398 1402 449 τὸν
1420 397 1709 473 φερέγγυον,

33 487 163 550 quod
186 487 435 546 notionem
461 487 730 550 praedicati
756 502 854 535 non
880 487 1086 536 subiecti
1111 487 1380 546 contineat3
1408 502 1556 550 quare
1575 474 1709 549 τῷδε

33 571 233 634 scripsit
265 570 594 632 indicavitque
629 572 852 620 lacunam
892 574 919 620 6
948 586 1201 631 versuum,
1238 575 1268 619 4
1295 575 1407 622 ante
1441 588 1486 619 v.
1516 573 1644 633 453,
1680 573 1708 619 2

34 662 150 720 post
169 657 285 704 453.
327 655 539 703 Keckius
560 655 697 715 vidit,
719 656 882 705 verbis
902 649 1139 724 πέμποιμ’
1151 651 1210 702 ἂν
1230 655 1348 703 illud
1371 656 1526 704 nuntii
1546 651 1710 724 πέμπε

34 740 207 804 excipi,
234 739 441 802 ideoque
468 743 620 787 totam
645 739 870 788 lacunam
898 745 1014 805 post
1037 757 1082 789 v.
1106 742 1203 789 453
1234 739 1507 789 collocavit.
1546 740 1710 789 Heim-

36 824 257 874 soethius
283 828 332 873 et
355 824 464 886 ipse
490 811 622 885 τῷδε
649 825 872 888 scripsit,
909 825 994 874 sed
1021 825 1224 874 lacunae
1250 825 1546 874 necessitate
1572 840 1710 888 pror-

34 924 119 958 sus
152 912 333 970 negata
366 907 429 955 ad
463 908 614 956 verba
647 904 882 976 πέμποιμ’
908 910 968 956 ἄν
1005 897 1100 963 ἤδη
1134 897 1267 973 τῷδε
1303 925 1360 959 ex
1395 910 1712 973 sequentibus

38 992 290 1056 supplevit
332 986 601 1060 Μεγαρέα,
652 993 782 1056 quod
832 998 994 1043 tamen
1044 995 1346 1043 enuntiatum
1397 1010 1474 1044 me
1518 995 1711 1057 quidem

34 1078 193 1127 iudice
220 1077 364 1126 nimis
392 1077 520 1126 nude
547 1077 802 1140 ieiuneque
830 1078 1011 1127 dictum
1038 1084 1186 1128 esset.

139 1162 235 1211 Sed
271 1162 467 1210 omnino
504 1162 623 1210 illud
655 1151 800 1209 τόνδε
828 1163 948 1211 nulli
973 1164 1262 1213 dubitationi
1290 1164 1552 1213 obnoxium
1578 1164 1710 1212 vide-

34 1252 111 1296 tur
138 1261 265 1306 esse,
293 1246 556 1295 dummodo
583 1247 735 1295 verba
759 1242 845 1293 τὸν
872 1243 1141 1316 φερέγγυον
1168 1249 1450 1311 probentur.
1502 1248 1627 1296 Nam
1654 1264 1713 1296 ne

34 1321 178 1378 τόνδε
214 1331 276 1379 ad
304 1331 648 1394 praecedentia
672 1331 852 1380 referre
879 1332 1094 1380 dubitem
1123 1338 1326 1396 propter
1352 1334 1614 1382 discrimen
1638 1334 1712 1381 in-

33 1420 107 1465 ter
133 1403 219 1462 ὅδε
245 1420 293 1464 et
319 1406 460 1471 οὗτος
486 1419 738 1475 statutum,
765 1431 860 1478 quo
887 1416 1009 1464 illud
1034 1428 1118 1465 res
1145 1417 1298 1465 oculis
1328 1418 1403 1466 vel
1431 1418 1714 1480 cogitationi

34 1500 320 1564 suppositas
347 1500 665 1558 demonstret,
693 1500 786 1548 hoc
810 1516 1104 1563 praegressa
1128 1502 1178 1549 in
1199 1503 1483 1550 memoriam
1503 1506 1714 1562 revocet,

33 1599 233 1634 moveor
258 1584 508 1647 exempliS,
536 1584 713 1647 quibus
741 1600 847 1633 cum
872 1586 921 1633 in
950 1586 1135 1634 eisdem
1161 1586 1488 1636 locutionibus
1514 1587 1714 1650 saepius

35 1669 318 1734 repetendis
344 1684 431 1732 pro
458 1669 599 1717 metri
626 1671 921 1719 necessitate
947 1671 1093 1719 modo
1122 1658 1207 1718 ὅδε
1232 1672 1377 1720 modo
1406 1662 1550 1728 οὗτος
1575 1687 1715 1720 usur-

34 1760 204 1819 patur,
240 1755 374 1803 velut
410 1756 503 1802 381
535 1750 740 1818 ταύτην,
776 1755 834 1809 ἢν
869 1751 1030 1824 λέγεις
1065 1760 1113 1803 et
1149 1757 1247 1804 534
1283 1743 1417 1817 τῷδ’,
1455 1751 1506 1803 ὃν
1532 1751 1717 1825 λέγεις

36 1842 136 1888 576
158 1835 321 1901 τούτῳ
349 1839 409 1887 de
437 1838 557 1887 duce
583 1839 728 1888 modo
756 1839 1002 1903 descripto
1031 1844 1080 1889 et
1100 1837 1199 1889 376
1220 1828 1371 1904 τῷδε,
1398 1843 1497 1889 416
1519 1828 1716 1904 τοιῷδε,

37 1926 133 1973 451
157 1911 303 1986 τῷδε,
333 1926 432 1972 480
453 1911 663 1983 τοιοῦδε,
692 1925 790 1973 528
817 1913 1022 1987 τοιὸςδε,
1048 1930 1149 1972 tum
1177 1912 1261 1972 ὅδε
1286 1929 1457 1989 aperte
1484 1926 1546 1973 ad
1574 1941 1715 1990 prae-

35 2009 258 2058 cedentia
292 2013 485 2072 spectat
521 2010 618 2057 513
654 1996 797 2071 τόδε,
838 2011 936 2058 525
972 1997 1128 2072 τῷδε,
1167 2012 1266 2058 644
1292 1997 1435 2071 τόδε,
1473 2012 1569 2059 662
1599 1997 1717 2072 ὧδε,

37 2096 133 2142 663
161 2081 333 2152 τοῦδε,
360 2120 427 2126 ——
453 2097 604 2140 τοῦτο
633 2098 794 2143 autem
819 2094 882 2142 ad
909 2095 1164 2157 sequentia
1190 2096 1307 2144 560.
1363 2094 1536 2156 Itaque
1571 2082 1716 2142 τόνδε

34 2195 80 2226 v.
112 2179 209 2226 453
248 2178 373 2227 redit
407 2179 469 2226 ad
503 2174 589 2225 τὸν
626 2174 892 2248 φερέγγυον
927 2179 958 2227 i.
988 2194 1028 2228 e.
1057 2194 1166 2227 eum
1195 2179 1276 2241 qui
1304 2179 1530 2243 spondet.
1583 2179 1717 2241 Quae

34 2278 149 2311 vero
177 2263 258 2311 ille
287 2263 530 2326 spondere
558 2263 749 2322 dicitur,
779 2278 836 2312 ea
862 2278 980 2312 sane
1006 2268 1107 2311 tam
1135 2264 1409 2312 communia
1430 2268 1544 2312 sunt
1562 2266 1715 2313 omni-

35 2348 126 2397 bus
153 2348 236 2410 qui
260 2347 321 2396 ab
348 2347 547 2396 Eteocle
575 2349 881 2407 emittuntur,
917 2353 970 2397 ut
1005 2353 1165 2398 certus
1201 2348 1376 2411 aliquis
1404 2343 1515 2412 (τὸν
1543 2345 1716 2418 φερέγ-

33 2447 153 2501 γυον
194 2459 258 2465 -
296 2419 466 2497 τόνδε)
505 2433 585 2481 vix
622 2433 692 2481 ita
728 2434 887 2482 notari
925 2434 1101 2497 possit.
1160 2432 1319 2495 Quare
1358 2439 1444 2482 aut
1481 2449 1589 2483 cum
1632 2435 1716 2484 illo

33 2505 179 2564 τόνδε
206 2517 353 2566 etiam
380 2518 614 2567 articulus
642 2522 754 2567 ante
782 2513 1052 2588 φερέγγυον
1078 2519 1340 2568 mutandus
1370 2523 1445 2568 est
1476 2523 1560 2568 aut
1585 2524 1718 2568 certa

35 2607 84 2650 et
109 2603 159 2650 in
184 2619 332 2651 unum
358 2607 547 2651 tantum
575 2603 831 2651 referenda
855 2618 934 2652 res
963 2603 1288 2666 spondeatur,
1319 2603 1451 2652 velut
1474 2604 1603 2652 hunc
1629 2604 1715 2653 du·

35 2701 140 2735 cem
166 2688 330 2750 ipsum
356 2687 489 2735 illum
518 2688 770 2736 Eteoclum
796 2689 1089 2736 reiecturum
1117 2689 1235 2736 fore.
1275 2686 1444 2749 Qualis
1472 2689 1717 2738 sententia

37 2785 151 2819 vero
179 2771 423 2832 quomodo
451 2772 754 2821 restituenda
782 2773 861 2829 sit,
889 2772 1138 2821 fatendum
1165 2778 1242 2822 est
1265 2788 1343 2822 me
1369 2773 1573 2822 nescire.

140 2855 327 2916 Quodsi
362 2860 524 2904 tamen
560 2856 724 2919 aliqua
758 2857 948 2905 ratione
982 2857 1101 2905 illud
1139 2845 1285 2904 τόνδε
1323 2858 1508 2906 servari
1534 2862 1715 2921 potest,

35 2947 229 2990 caetera
267 2946 395 2990 certe
435 2946 723 3003 argumenta
760 2941 961 2990 lacunae
1001 2942 1287 2991 statuendae
1326 2957 1498 3006 parum
1535 2943 1713 2991 valent.

35 3025 329 3089 Requirunt,
369 3031 421 3074 ut
448 3026 575 3074 Mars
605 3031 653 3074 et
678 3026 953 3076 Thebarum
980 3031 1146 3075 custos
1173 3032 1221 3076 et
1245 3027 1307 3076 ab
1334 3027 1532 3076 Eteoclo
1559 3027 1714 3077 laces-

36 3110 160 3159 situs
204 3112 247 3160 ei
292 3111 642 3160 adversaturus
689 3127 800 3161 esse
845 3113 1057 3171 dicatur,
1103 3119 1203 3161 tum
1244 3119 1297 3162 ut
1333 3112 1588 3176 MegareO,
1633 3113 1715 3176 qui
