<?xml version="1.0" encoding="UTF-8"?>
<!DOCTYPE html PUBLIC "-//W3C//DTD XHTML 1.0 Transitional//EN"
    "http://www.w3.org/TR/xhtml1/DTD/xhtml1-transitional.dtd">
<html xmlns="http://www.w3.org/1999/xhtml" xml:lang="en" lang="en">
 <head>
  <title>
</title>
<meta http-equiv="Content-Type" content="text/html;charset=utf-8" />
  <meta name='ocr-system' content='tesseract 3.04.00' />
  <meta name='ocr-capabilities' content='ocr_page ocr_carea ocr_par ocr_line ocrx_word'/>
</head>
<body>
  <div class='ocr_page' id='page_1' title='image "./deresponsionibus00martuoft_0018.png"; bbox 0 0 2055 3589; ppageno 0'>
   <div class='ocr_carea' id='block_1_1' title="bbox 1097 113 1163 164">
    <p class='ocr_par' dir='ltr' id='par_1_1' title="bbox 1097 113 1163 164">
     <span class='ocr_line' id='line_1_1' title="bbox 1097 113 1163 164; baseline 0.03 -2"><span class='ocrx_word' id='word_1_1' title='bbox 1097 113 1163 164; x_wconf 91' lang='grc'>10</span> 
     </span>
    </p>
   </div>
   <div class='ocr_carea' id='block_1_2' title="bbox 2005 0 2055 3074">
    <p class='ocr_par' dir='ltr' id='par_1_2' title="bbox 2005 0 2055 3074">
     <span class='ocr_line' id='line_1_2' title="bbox 2005 0 2055 3074; baseline 0 0"><span class='ocrx_word' id='word_1_2' title='bbox 2005 0 2055 3074; x_wconf 95' lang='lat' dir='ltr'> </span> 
     </span>
    </p>
   </div>
   <div class='ocr_carea' id='block_1_3' title="bbox 284 285 2055 3245">
    <p class='ocr_par' dir='ltr' id='par_1_3' title="bbox 290 285 2055 433">
     <span class='ocr_line' id='line_1_3' title="bbox 290 285 2055 348; baseline 0.001 -12"><span class='ocrx_word' id='word_1_3' title='bbox 290 291 338 336; x_wconf 93' lang='lat' dir='ltr'>in</span> <span class='ocrx_word' id='word_1_4' title='bbox 376 289 497 336; x_wconf 84' lang='lat' dir='ltr'>locis</span> <span class='ocrx_word' id='word_1_5' title='bbox 536 287 824 348; x_wconf 82' lang='lat' dir='ltr'>Aeschyleis</span> <span class='ocrx_word' id='word_1_6' title='bbox 863 285 1036 348; x_wconf 91' lang='lat' dir='ltr'>Suppl.</span> <span class='ocrx_word' id='word_1_7' title='bbox 1068 287 1181 333; x_wconf 84' lang='lat'>739.</span> <span class='ocrx_word' id='word_1_8' title='bbox 1231 285 1366 333; x_wconf 84' lang='lat' dir='ltr'>Eum.</span> <span class='ocrx_word' id='word_1_9' title='bbox 1402 289 1497 334; x_wconf 87' lang='lat'>140</span> <span class='ocrx_word' id='word_1_10' title='bbox 1541 286 1674 335; x_wconf 89' lang='lat' dir='ltr'>illam</span> <span class='ocrx_word' id='word_1_11' title='bbox 1718 288 1972 338; x_wconf 79' lang='lat' dir='ltr'><strong>elisionem</strong></span> <span class='ocrx_word' id='word_1_12' title='bbox 2043 295 2055 328; x_wconf 67' lang='lat'>²</span> 
     </span>
     <span class='ocr_line' id='line_1_4' title="bbox 291 371 1230 433; baseline -0.004 -12"><span class='ocrx_word' id='word_1_13' title='bbox 291 379 460 421; x_wconf 85' lang='lat' dir='ltr'>contra</span> <span class='ocrx_word' id='word_1_14' title='bbox 484 373 718 420; x_wconf 89' lang='lat' dir='ltr'>librorum</span> <span class='ocrx_word' id='word_1_15' title='bbox 744 371 1003 419; x_wconf 89' lang='lat' dir='ltr'>lectionem</span> <span class='ocrx_word' id='word_1_16' title='bbox 1028 371 1230 433; x_wconf 88' lang='lat' dir='ltr'>recepit.</span> 
     </span>
    </p>

    <p class='ocr_par' dir='ltr' id='par_1_4' title="bbox 284 455 2055 2825">
     <span class='ocr_line' id='line_1_5' title="bbox 393 455 1971 517; baseline 0.002 -13"><span class='ocrx_word' id='word_1_17' title='bbox 393 459 622 504; x_wconf 82' lang='lat' dir='ltr'><strong>Attamen</strong></span> <span class='ocrx_word' id='word_1_18' title='bbox 660 470 767 503; x_wconf 88' lang='lat' dir='ltr'>cum</span> <span class='ocrx_word' id='word_1_19' title='bbox 803 456 1017 504; x_wconf 87' lang='lat' dir='ltr'>metricis</span> <span class='ocrx_word' id='word_1_20' title='bbox 1050 455 1325 504; x_wconf 90' lang='lat' dir='ltr'>rationibus</span> <span class='ocrx_word' id='word_1_21' title='bbox 1361 455 1542 517; x_wconf 86' lang='lat' dir='ltr'>singuli</span> <span class='ocrx_word' id='word_1_22' title='bbox 1576 471 1749 506; x_wconf 87' lang='lat' dir='ltr'>versus</span> <span class='ocrx_word' id='word_1_23' title='bbox 1789 457 1971 507; x_wconf 88' lang='lat' dir='ltr'>discer-</span> 
     </span>
     <span class='ocr_line' id='line_1_6' title="bbox 288 533 2055 602; baseline 0.001 -12"><span class='ocrx_word' id='word_1_24' title='bbox 288 547 486 598; x_wconf 89' lang='lat' dir='ltr'>nantur,</span> <span class='ocrx_word' id='word_1_25' title='bbox 531 555 894 602; x_wconf 87' lang='lat' dir='ltr'>nonnumquam</span> <span class='ocrx_word' id='word_1_26' title='bbox 940 540 1271 602; x_wconf 81' lang='lat' dir='ltr'>grammaticis</span> <span class='ocrx_word' id='word_1_27' title='bbox 1315 544 1598 600; x_wconf 89' lang='lat' dir='ltr'>nectuntur,</span> <span class='ocrx_word' id='word_1_28' title='bbox 1642 546 1697 589; x_wconf 88' lang='lat' dir='ltr'>ut</span> <span class='ocrx_word' id='word_1_29' title='bbox 1733 544 1975 592; x_wconf 87' lang='lat' dir='ltr'>vocabula</span> <span class='ocrx_word' id='word_1_30' title='bbox 2043 533 2055 582; x_wconf 55' lang='lat'>‘⁴³</span> 
     </span>
     <span class='ocr_line' id='line_1_7' title="bbox 290 625 1975 687; baseline 0.002 -13"><span class='ocrx_word' id='word_1_31' title='bbox 290 643 395 674; x_wconf 92' lang='lat' dir='ltr'>cum</span> <span class='ocrx_word' id='word_1_32' title='bbox 431 626 749 687; x_wconf 91' lang='lat' dir='ltr'>sequentibus</span> <span class='ocrx_word' id='word_1_33' title='bbox 784 626 861 673; x_wconf 86' lang='lat' dir='ltr'>vel</span> <span class='ocrx_word' id='word_1_34' title='bbox 898 626 1100 673; x_wconf 82' lang='lat' dir='ltr'>vocibus</span> <span class='ocrx_word' id='word_1_35' title='bbox 1128 625 1205 672; x_wconf 92' lang='lat' dir='ltr'>vel</span> <span class='ocrx_word' id='word_1_36' title='bbox 1242 626 1507 674; x_wconf 82' lang='lat' dir='ltr'>enuntiatis</span> <span class='ocrx_word' id='word_1_37' title='bbox 1542 627 1818 677; x_wconf 81' lang='lat' dir='ltr'>arctissime</span> <span class='ocrx_word' id='word_1_38' title='bbox 1850 644 1975 678; x_wconf 86' lang='lat' dir='ltr'>nexa</span> 
     </span>
     <span class='ocr_line' id='line_1_8' title="bbox 287 710 1973 774; baseline 0.002 -16"><span class='ocrx_word' id='word_1_39' title='bbox 287 712 336 758; x_wconf 91' lang='lat' dir='ltr'>in</span> <span class='ocrx_word' id='word_1_40' title='bbox 363 710 545 758; x_wconf 86' lang='lat' dir='ltr'>ultimis</span> <span class='ocrx_word' id='word_1_41' title='bbox 572 711 963 759; x_wconf 91' lang='lat' dir='ltr'>antecedentium</span> <span class='ocrx_word' id='word_1_42' title='bbox 989 724 1218 758; x_wconf 82' lang='lat' dir='ltr'>versuum</span> <span class='ocrx_word' id='word_1_43' title='bbox 1247 711 1447 759; x_wconf 86' lang='lat' dir='ltr'>sedibus</span> <span class='ocrx_word' id='word_1_44' title='bbox 1475 712 1790 761; x_wconf 83' lang='lat' dir='ltr'>collocentur.</span> <span class='ocrx_word' id='word_1_45' title='bbox 1836 712 1973 774; x_wconf 86' lang='lat' dir='ltr'>Quae</span> 
     </span>
     <span class='ocr_line' id='line_1_9' title="bbox 289 795 1972 861; baseline 0.002 -18"><span class='ocrx_word' id='word_1_46' title='bbox 289 795 734 857; x_wconf 88' lang='lat' dir='ltr'>coniungendorum</span> <span class='ocrx_word' id='word_1_47' title='bbox 757 810 981 843; x_wconf 74' lang='lat' dir='ltr'>versuum</span> <span class='ocrx_word' id='word_1_48' title='bbox 1007 795 1220 855; x_wconf 87' lang='lat' dir='ltr'>licentia,</span> <span class='ocrx_word' id='word_1_49' title='bbox 1249 810 1357 844; x_wconf 89' lang='lat' dir='ltr'>cum</span> <span class='ocrx_word' id='word_1_50' title='bbox 1378 796 1510 859; x_wconf 89' lang='lat' dir='ltr'>apud</span> <span class='ocrx_word' id='word_1_51' title='bbox 1533 798 1835 860; x_wconf 82' lang='lat' dir='ltr'>posteriores</span> <span class='ocrx_word' id='word_1_52' title='bbox 1856 813 1972 861; x_wconf 90' lang='lat' dir='ltr'>poe-</span> 
     </span>
     <span class='ocr_line' id='line_1_10' title="bbox 287 879 1974 947; baseline 0.002 -19"><span class='ocrx_word' id='word_1_53' title='bbox 287 887 379 938; x_wconf 89' lang='lat' dir='ltr'>tas,</span> <span class='ocrx_word' id='word_1_54' title='bbox 407 880 648 943; x_wconf 84' lang='lat' dir='ltr'>imprimis</span> <span class='ocrx_word' id='word_1_55' title='bbox 676 879 971 942; x_wconf 81' lang='lat' dir='ltr'>Sophoclem</span> <span class='ocrx_word' id='word_1_56' title='bbox 999 880 1152 928; x_wconf 88' lang='lat' dir='ltr'>multa</span> <span class='ocrx_word' id='word_1_57' title='bbox 1178 881 1267 940; x_wconf 87' lang='lat' dir='ltr'>sit,</span> <span class='ocrx_word' id='word_1_58' title='bbox 1304 882 1435 945; x_wconf 90' lang='lat' dir='ltr'>apud</span> <span class='ocrx_word' id='word_1_59' title='bbox 1462 882 1761 945; x_wconf 83' lang='lat' dir='ltr'>Aeschylum</span> <span class='ocrx_word' id='word_1_60' title='bbox 1803 885 1974 947; x_wconf 84' lang='lat' dir='ltr'>paucis</span> 
     </span>
     <span class='ocr_line' id='line_1_11' title="bbox 287 964 1973 1029; baseline 0.002 -15"><span class='ocrx_word' id='word_1_61' title='bbox 287 971 476 1014; x_wconf 88' lang='lat' dir='ltr'>tantum</span> <span class='ocrx_word' id='word_1_62' title='bbox 496 965 732 1028; x_wconf 83' lang='lat' dir='ltr'>exemplis</span> <span class='ocrx_word' id='word_1_63' title='bbox 755 970 897 1013; x_wconf 82' lang='lat' dir='ltr'>extat.</span> <span class='ocrx_word' id='word_1_64' title='bbox 939 964 1066 1013; x_wconf 91' lang='lat' dir='ltr'>Nam</span> <span class='ocrx_word' id='word_1_65' title='bbox 1087 980 1143 1013; x_wconf 81' lang='lat' dir='ltr'>ex</span> <span class='ocrx_word' id='word_1_66' title='bbox 1162 966 1321 1014; x_wconf 89' lang='lat' dir='ltr'>tribus</span> <span class='ocrx_word' id='word_1_67' title='bbox 1342 966 1460 1025; x_wconf 91' lang='lat' dir='ltr'>illis,</span> <span class='ocrx_word' id='word_1_68' title='bbox 1485 982 1610 1029; x_wconf 89' lang='lat' dir='ltr'>quae</span> <span class='ocrx_word' id='word_1_69' title='bbox 1630 967 1973 1017; x_wconf 89' lang='lat' dir='ltr'>Lachmannus</span> 
     </span>
     <span class='ocr_line' id='line_1_12' title="bbox 287 1050 1973 1114; baseline 0.002 -16"><span class='ocrx_word' id='word_1_70' title='bbox 287 1051 346 1099; x_wconf 93' lang='lat' dir='ltr'>de</span> <span class='ocrx_word' id='word_1_71' title='bbox 373 1050 502 1098; x_wconf 91' lang='lat' dir='ltr'>chor.</span> <span class='ocrx_word' id='word_1_72' title='bbox 527 1055 648 1112; x_wconf 87' lang='lat' dir='ltr'>syst.</span> <span class='ocrx_word' id='word_1_73' title='bbox 671 1054 713 1109; x_wconf 91' lang='grc'>1,</span> <span class='ocrx_word' id='word_1_74' title='bbox 738 1052 764 1097; x_wconf 91' lang='grc'>9</span> <span class='ocrx_word' id='word_1_75' title='bbox 794 1051 1115 1112; x_wconf 86' lang='lat' dir='ltr'>grammatica</span> <span class='ocrx_word' id='word_1_76' title='bbox 1139 1052 1327 1100; x_wconf 88' lang='lat' dir='ltr'>ratione</span> <span class='ocrx_word' id='word_1_77' title='bbox 1355 1066 1463 1100; x_wconf 92' lang='lat' dir='ltr'>cum</span> <span class='ocrx_word' id='word_1_78' title='bbox 1491 1052 1861 1114; x_wconf 86' lang='lat' dir='ltr'>insequentibus</span> <span class='ocrx_word' id='word_1_79' title='bbox 1890 1068 1973 1102; x_wconf 87' lang='lat' dir='ltr'>vo-</span> 
     </span>
     <span class='ocr_line' id='line_1_13' title="bbox 287 1136 1974 1196; baseline 0.001 -12"><span class='ocrx_word' id='word_1_80' title='bbox 287 1136 423 1185; x_wconf 89' lang='lat' dir='ltr'>cibus</span> <span class='ocrx_word' id='word_1_81' title='bbox 451 1136 656 1183; x_wconf 79' lang='lat' dir='ltr'>maxime</span> <span class='ocrx_word' id='word_1_82' title='bbox 684 1136 942 1183; x_wconf 89' lang='lat' dir='ltr'>coniuncta</span> <span class='ocrx_word' id='word_1_83' title='bbox 964 1151 1075 1184; x_wconf 86' lang='lat' dir='ltr'>esse</span> <span class='ocrx_word' id='word_1_84' title='bbox 1097 1137 1304 1196; x_wconf 85' lang='lat' dir='ltr'>censuit,</span> <span class='ocrx_word' id='word_1_85' title='bbox 1330 1152 1420 1186; x_wconf 92' lang='lat' dir='ltr'>nec</span> <span class='ocrx_word' id='word_1_86' title='bbox 1441 1137 1675 1186; x_wconf 88' lang='lat' dir='ltr'>articulus</span> <span class='ocrx_word' id='word_1_87' title='bbox 1695 1153 1726 1185; x_wconf 91' lang='lat' dir='ltr'>a</span> <span class='ocrx_word' id='word_1_88' title='bbox 1745 1138 1974 1186; x_wconf 87' lang='lat' dir='ltr'>substan-</span> 
     </span>
     <span class='ocr_line' id='line_1_14' title="bbox 286 1218 1973 1286; baseline 0.002 -17"><span class='ocrx_word' id='word_1_89' title='bbox 286 1222 384 1269; x_wconf 69' lang='lat' dir='ltr'>tivo</span> <span class='ocrx_word' id='word_1_90' title='bbox 422 1236 509 1269; x_wconf 90' lang='lat' dir='ltr'>nec</span> <span class='ocrx_word' id='word_1_91' title='bbox 550 1221 791 1284; x_wconf 87' lang='lat' dir='ltr'>particula</span> <span class='ocrx_word' id='word_1_92' title='bbox 828 1221 1111 1284; x_wconf 81' lang='lat' dir='ltr'>copulativa</span> <span class='ocrx_word' id='word_1_93' title='bbox 1146 1219 1254 1281; x_wconf 73' lang='grc' dir='ltr'>(καὶ</span> <span class='ocrx_word' id='word_1_94' title='bbox 1291 1223 1365 1270; x_wconf 77' lang='lat' dir='ltr'>vel</span> <span class='ocrx_word' id='word_1_95' title='bbox 1403 1218 1460 1286; x_wconf 75' lang='grc' dir='ltr'>ἥ)</span> <span class='ocrx_word' id='word_1_96' title='bbox 1497 1238 1528 1270; x_wconf 88' lang='lat' dir='ltr'>a</span> <span class='ocrx_word' id='word_1_97' title='bbox 1562 1223 1807 1271; x_wconf 89' lang='lat' dir='ltr'>sententia</span> <span class='ocrx_word' id='word_1_98' title='bbox 1844 1223 1973 1272; x_wconf 85' lang='lat' dir='ltr'>inse-</span> 
     </span>
     <span class='ocr_line' id='line_1_15' title="bbox 286 1305 1974 1371; baseline 0.003 -19"><span class='ocrx_word' id='word_1_99' title='bbox 286 1307 448 1369; x_wconf 85' lang='lat' dir='ltr'>quenti</span> <span class='ocrx_word' id='word_1_100' title='bbox 489 1305 715 1354; x_wconf 86' lang='lat' dir='ltr'>abscissa</span> <span class='ocrx_word' id='word_1_101' title='bbox 751 1307 799 1353; x_wconf 93' lang='lat' dir='ltr'>in</span> <span class='ocrx_word' id='word_1_102' title='bbox 842 1321 1071 1354; x_wconf 76' lang='lat' dir='ltr'>versuum</span> <span class='ocrx_word' id='word_1_103' title='bbox 1116 1307 1211 1355; x_wconf 91' lang='lat' dir='ltr'>fine</span> <span class='ocrx_word' id='word_1_104' title='bbox 1259 1314 1416 1365; x_wconf 84' lang='lat' dir='ltr'>extat;</span> <span class='ocrx_word' id='word_1_105' title='bbox 1464 1308 1767 1371; x_wconf 85' lang='lat' dir='ltr'>praepositio</span> <span class='ocrx_word' id='word_1_106' title='bbox 1811 1313 1974 1357; x_wconf 89' lang='lat' dir='ltr'>autem</span> 
     </span>
     <span class='ocr_line' id='line_1_16' title="bbox 287 1392 1994 1463; baseline 0.002 -24"><span class='ocrx_word' id='word_1_107' title='bbox 287 1398 481 1455; x_wconf 87' lang='lat' dir='ltr'>praeter</span> <span class='ocrx_word' id='word_1_108' title='bbox 508 1392 748 1455; x_wconf 77' lang='lat' dir='ltr'>exempla,</span> <span class='ocrx_word' id='word_1_109' title='bbox 777 1393 825 1438; x_wconf 90' lang='lat' dir='ltr'>in</span> <span class='ocrx_word' id='word_1_110' title='bbox 854 1392 1031 1454; x_wconf 85' lang='lat' dir='ltr'>quibus</span> <span class='ocrx_word' id='word_1_111' title='bbox 1054 1393 1475 1455; x_wconf 84' lang='lat' dir='ltr'>praepositionem</span> <span class='ocrx_word' id='word_1_112' title='bbox 1497 1394 1750 1456; x_wconf 87' lang='lat' dir='ltr'>praecedit</span> <span class='ocrx_word' id='word_1_113' title='bbox 1774 1393 1994 1463; x_wconf 36' lang='lat' dir='ltr'>adiectig</span> 
     </span>
     <span class='ocr_line' id='line_1_17' title="bbox 287 1467 1975 1541; baseline 0 -17"><span class='ocrx_word' id='word_1_114' title='bbox 287 1494 398 1525; x_wconf 77' lang='lat' dir='ltr'>vum</span> <span class='ocrx_word' id='word_1_115' title='bbox 427 1477 736 1525; x_wconf 75' lang='lat' dir='ltr'>substantivo</span> <span class='ocrx_word' id='word_1_116' title='bbox 765 1478 1049 1541; x_wconf 86' lang='lat' dir='ltr'>appositum</span> <span class='ocrx_word' id='word_1_117' title='bbox 1078 1477 1213 1526; x_wconf 89' lang='lat' dir='ltr'>Pers.</span> <span class='ocrx_word' id='word_1_118' title='bbox 1243 1480 1343 1525; x_wconf 80' lang='lat'>455</span> <span class='ocrx_word' id='word_1_119' title='bbox 1372 1467 1571 1534; x_wconf 72' lang='grc' dir='ltr'>τοξικῆς</span> <span class='ocrx_word' id='word_1_120' title='bbox 1597 1473 1638 1524; x_wconf 78' lang='grc' dir='ltr'>τ’</span> <span class='ocrx_word' id='word_1_121' title='bbox 1662 1475 1758 1524; x_wconf 66' lang='grc' dir='ltr'>ἀπὸ</span> <span class='ocrx_word' id='word_1_122' title='bbox 1789 1505 1847 1511; x_wconf 85' lang='grc'>-</span> <span class='ocrx_word' id='word_1_123' title='bbox 1881 1474 1975 1525; x_wconf 75' lang='grc' dir='ltr'>θώ-</span> 
     </span>
     <span class='ocr_line' id='line_1_18' title="bbox 286 1550 1978 1630; baseline 0.001 -23"><span class='ocrx_word' id='word_1_124' title='bbox 286 1577 485 1630; x_wconf 69' lang='grc' dir='ltr'>μιγγος,</span> <span class='ocrx_word' id='word_1_125' title='bbox 524 1553 697 1623; x_wconf 81' lang='lat' dir='ltr'>Agam.</span> <span class='ocrx_word' id='word_1_126' title='bbox 728 1565 827 1611; x_wconf 86' lang='grc'>996</span> <span class='ocrx_word' id='word_1_127' title='bbox 863 1562 1064 1609; x_wconf 73' lang='grc' dir='ltr'>πολλῶν</span> <span class='ocrx_word' id='word_1_128' title='bbox 1101 1559 1229 1630; x_wconf 67' lang='grc' dir='ltr'>μετὰ</span> <span class='ocrx_word' id='word_1_129' title='bbox 1257 1590 1322 1595; x_wconf 88' lang='grc'><strong>-</strong></span> <span class='ocrx_word' id='word_1_130' title='bbox 1353 1550 1562 1625; x_wconf 62' lang='grc' dir='ltr'>δούλων,</span> <span class='ocrx_word' id='word_1_131' title='bbox 1601 1563 1737 1611; x_wconf 92' lang='lat' dir='ltr'>Eum.</span> <span class='ocrx_word' id='word_1_132' title='bbox 1766 1565 1860 1611; x_wconf 88' lang='lat'>117</span> <span class='ocrx_word' id='word_1_133' title='bbox 1889 1567 1978 1619; x_wconf 72' lang='grc' dir='ltr'>τῆς</span> 
     </span>
     <span class='ocr_line' id='line_1_19' title="bbox 288 1640 1976 1715; baseline 0.002 -21"><span class='ocrx_word' id='word_1_134' title='bbox 288 1647 406 1714; x_wconf 68' lang='grc' dir='ltr'>ἐμῆς</span> <span class='ocrx_word' id='word_1_135' title='bbox 430 1645 626 1715; x_wconf 82' lang='grc' dir='ltr'>περὶ-</span> <span class='ocrx_word' id='word_1_136' title='bbox 648 1640 819 1715; x_wconf 75' lang='grc' dir='ltr'>ψυχῆς,</span> <span class='ocrx_word' id='word_1_137' title='bbox 859 1649 907 1696; x_wconf 92' lang='lat' dir='ltr'>in</span> <span class='ocrx_word' id='word_1_138' title='bbox 936 1649 1032 1696; x_wconf 90' lang='lat' dir='ltr'>fine</span> <span class='ocrx_word' id='word_1_139' title='bbox 1059 1663 1233 1696; x_wconf 72' lang='lat' dir='ltr'>versus</span> <span class='ocrx_word' id='word_1_140' title='bbox 1259 1662 1357 1695; x_wconf 91' lang='lat' dir='ltr'>uno</span> <span class='ocrx_word' id='word_1_141' title='bbox 1384 1648 1492 1696; x_wconf 89' lang='lat' dir='ltr'>loco</span> <span class='ocrx_word' id='word_1_142' title='bbox 1520 1648 1699 1709; x_wconf 84' lang='lat' dir='ltr'>legitur</span> <span class='ocrx_word' id='word_1_143' title='bbox 1718 1649 1858 1697; x_wconf 90' lang='lat' dir='ltr'>Eum.</span> <span class='ocrx_word' id='word_1_144' title='bbox 1877 1650 1976 1697; x_wconf 78' lang='lat'>238</span> 
     </span>
     <span class='ocr_line' id='line_1_20' title="bbox 284 1728 1976 1799; baseline 0.001 -20"><span class='ocrx_word' id='word_1_145' title='bbox 284 1730 401 1799; x_wconf 74' lang='grc' dir='ltr'>πρὸς</span> <span class='ocrx_word' id='word_1_146' title='bbox 427 1759 491 1764; x_wconf 92' lang='grc'><strong>-</strong></span> <span class='ocrx_word' id='word_1_147' title='bbox 521 1728 742 1779; x_wconf 76' lang='grc' dir='ltr'>ἄλλοισιν</span> <span class='ocrx_word' id='word_1_148' title='bbox 769 1733 919 1790; x_wconf 78' lang='grc' dir='ltr'>οἴκοις</span> <span class='ocrx_word' id='word_1_149' title='bbox 952 1749 1106 1796; x_wconf 90' lang='lat' dir='ltr'>eoque</span> <span class='ocrx_word' id='word_1_150' title='bbox 1133 1734 1195 1781; x_wconf 92' lang='lat' dir='ltr'>ab</span> <span class='ocrx_word' id='word_1_151' title='bbox 1225 1733 1505 1781; x_wconf 87' lang='lat' dir='ltr'>Hermanno</span> <span class='ocrx_word' id='word_1_152' title='bbox 1532 1738 1735 1781; x_wconf 87' lang='lat' dir='ltr'>mutato.</span> <span class='ocrx_word' id='word_1_153' title='bbox 1794 1733 1976 1781; x_wconf 89' lang='lat' dir='ltr'>Tamen</span> 
     </span>
     <span class='ocr_line' id='line_1_21' title="bbox 285 1812 1975 1887; baseline 0.001 -22"><span class='ocrx_word' id='word_1_154' title='bbox 285 1825 481 1881; x_wconf 90' lang='lat' dir='ltr'>praeter</span> <span class='ocrx_word' id='word_1_155' title='bbox 519 1814 585 1885; x_wconf 63' lang='grc' dir='ltr'>μή</span> <span class='ocrx_word' id='word_1_156' title='bbox 615 1818 836 1882; x_wconf 90' lang='lat' dir='ltr'>Choeph.</span> <span class='ocrx_word' id='word_1_157' title='bbox 868 1820 994 1876; x_wconf 83' lang='lat'>999,</span> <span class='ocrx_word' id='word_1_158' title='bbox 1031 1819 1160 1881; x_wconf 92' lang='lat' dir='ltr'>quod</span> <span class='ocrx_word' id='word_1_159' title='bbox 1197 1833 1306 1866; x_wconf 91' lang='lat' dir='ltr'>cum</span> <span class='ocrx_word' id='word_1_160' title='bbox 1342 1819 1568 1881; x_wconf 87' lang='lat' dir='ltr'>sequenti</span> <span class='ocrx_word' id='word_1_161' title='bbox 1600 1812 1779 1887; x_wconf 74' lang='grc' dir='ltr'>γένοιτ’</span> <span class='ocrx_word' id='word_1_162' title='bbox 1805 1819 1975 1867; x_wconf 84' lang='lat' dir='ltr'>arctis-</span> 
     </span>
     <span class='ocr_line' id='line_1_22' title="bbox 287 1903 1978 1968; baseline 0 -16"><span class='ocrx_word' id='word_1_163' title='bbox 287 1904 406 1952; x_wconf 90' lang='lat' dir='ltr'>sime</span> <span class='ocrx_word' id='word_1_164' title='bbox 435 1904 828 1965; x_wconf 83' lang='lat' dir='ltr'>coniungendum</span> <span class='ocrx_word' id='word_1_165' title='bbox 856 1909 955 1962; x_wconf 89' lang='lat' dir='ltr'>est,</span> <span class='ocrx_word' id='word_1_166' title='bbox 993 1918 1236 1968; x_wconf 86' lang='lat' dir='ltr'>persaepe</span> <span class='ocrx_word' id='word_1_167' title='bbox 1273 1910 1321 1952; x_wconf 85' lang='lat' dir='ltr'>et</span> <span class='ocrx_word' id='word_1_168' title='bbox 1355 1903 1753 1966; x_wconf 84' lang='lat' dir='ltr'>frequentissime</span> <span class='ocrx_word' id='word_1_169' title='bbox 1780 1903 1978 1966; x_wconf 92' lang='lat' dir='ltr'>quidem</span> 
     </span>
     <span class='ocr_line' id='line_1_23' title="bbox 287 1989 1977 2051; baseline 0.001 -15"><span class='ocrx_word' id='word_1_170' title='bbox 287 1990 334 2036; x_wconf 92' lang='lat' dir='ltr'>in</span> <span class='ocrx_word' id='word_1_171' title='bbox 361 1989 649 2037; x_wconf 92' lang='lat' dir='ltr'>Prometheo</span> <span class='ocrx_word' id='word_1_172' title='bbox 677 1990 726 2037; x_wconf 93' lang='lat' dir='ltr'>in</span> <span class='ocrx_word' id='word_1_173' title='bbox 752 1989 848 2037; x_wconf 92' lang='lat' dir='ltr'>fine</span> <span class='ocrx_word' id='word_1_174' title='bbox 878 2004 1107 2038; x_wconf 89' lang='lat' dir='ltr'>versuum</span> <span class='ocrx_word' id='word_1_175' title='bbox 1134 1996 1394 2038; x_wconf 88' lang='lat' dir='ltr'>occurrunt</span> <span class='ocrx_word' id='word_1_176' title='bbox 1421 1989 1815 2048; x_wconf 85' lang='lat' dir='ltr'>coniunctioneS,</span> <span class='ocrx_word' id='word_1_177' title='bbox 1851 2003 1977 2051; x_wconf 91' lang='lat' dir='ltr'>quae</span> 
     </span>
     <span class='ocr_line' id='line_1_24' title="bbox 284 2074 1980 2137; baseline 0.001 -16"><span class='ocrx_word' id='word_1_178' title='bbox 284 2074 405 2122; x_wconf 89' lang='lat' dir='ltr'>nihil</span> <span class='ocrx_word' id='word_1_179' title='bbox 432 2075 527 2122; x_wconf 87' lang='lat' dir='ltr'>nisi</span> <span class='ocrx_word' id='word_1_180' title='bbox 555 2081 840 2137; x_wconf 90' lang='lat' dir='ltr'>sequentem</span> <span class='ocrx_word' id='word_1_181' title='bbox 869 2075 1163 2123; x_wconf 89' lang='lat' dir='ltr'>sententiam</span> <span class='ocrx_word' id='word_1_182' title='bbox 1190 2075 1476 2132; x_wconf 77' lang='lat' dir='ltr'>adnectant,</span> <span class='ocrx_word' id='word_1_183' title='bbox 1503 2075 1640 2122; x_wconf 81' lang='lat' dir='ltr'>velut</span> <span class='ocrx_word' id='word_1_184' title='bbox 1664 2075 1980 2122; x_wconf 85' lang='lat' dir='ltr'>adversativa</span> 
     </span>
     <span class='ocr_line' id='line_1_25' title="bbox 285 2155 1976 2226; baseline 0.001 -20"><span class='ocrx_word' id='word_1_185' title='bbox 285 2155 409 2226; x_wconf 76' lang='grc' dir='ltr'>ἀτάρ</span> <span class='ocrx_word' id='word_1_186' title='bbox 432 2159 591 2208; x_wconf 89' lang='lat' dir='ltr'>Prom.</span> <span class='ocrx_word' id='word_1_187' title='bbox 611 2163 726 2220; x_wconf 76' lang='lat'>343,</span> <span class='ocrx_word' id='word_1_188' title='bbox 753 2160 988 2208; x_wconf 84' lang='lat' dir='ltr'>relativae</span> <span class='ocrx_word' id='word_1_189' title='bbox 1011 2164 1059 2207; x_wconf 94' lang='lat' dir='ltr'>et</span> <span class='ocrx_word' id='word_1_190' title='bbox 1079 2159 1460 2221; x_wconf 73' lang='lat' dir='ltr'>interrogativae</span> <span class='ocrx_word' id='word_1_191' title='bbox 1481 2157 1560 2207; x_wconf 68' lang='grc' dir='ltr'>ἵνα.</span> <span class='ocrx_word' id='word_1_192' title='bbox 1579 2159 1740 2208; x_wconf 91' lang='lat' dir='ltr'>Prom.</span> <span class='ocrx_word' id='word_1_193' title='bbox 1761 2162 1841 2209; x_wconf 93' lang='lat'>61.</span> <span class='ocrx_word' id='word_1_194' title='bbox 1860 2161 1976 2208; x_wconf 82' lang='lat'>726.</span> 
     </span>
     <span class='ocr_line' id='line_1_26' title="bbox 289 2235 1978 2308; baseline 0.002 -18"><span class='ocrx_word' id='word_1_195' title='bbox 289 2246 403 2292; x_wconf 75' lang='lat'>794.</span> <span class='ocrx_word' id='word_1_196' title='bbox 429 2247 545 2303; x_wconf 74' lang='lat'>831,</span> <span class='ocrx_word' id='word_1_197' title='bbox 575 2242 705 2301; x_wconf 75' lang='grc' dir='ltr'>ὅπως</span> <span class='ocrx_word' id='word_1_198' title='bbox 734 2245 891 2293; x_wconf 81' lang='lat' dir='ltr'>Prom.</span> <span class='ocrx_word' id='word_1_199' title='bbox 910 2247 1026 2302; x_wconf 80' lang='lat'>464,</span> <span class='ocrx_word' id='word_1_200' title='bbox 1055 2240 1209 2292; x_wconf 64' lang='grc' dir='ltr'>πόθεν</span> <span class='ocrx_word' id='word_1_201' title='bbox 1237 2244 1457 2308; x_wconf 84' lang='lat' dir='ltr'>Choeph.</span> <span class='ocrx_word' id='word_1_202' title='bbox 1479 2246 1596 2304; x_wconf 79' lang='lat'>253,</span> <span class='ocrx_word' id='word_1_203' title='bbox 1625 2235 1681 2291; x_wconf 72' lang='grc' dir='ltr'>οὗ</span> <span class='ocrx_word' id='word_1_204' title='bbox 1706 2244 1978 2304; x_wconf 78' lang='lat' dir='ltr'>Pers.481,</span> 
     </span>
     <span class='ocr_line' id='line_1_27' title="bbox 290 2326 1974 2398; baseline 0.002 -23"><span class='ocrx_word' id='word_1_205' title='bbox 290 2326 390 2376; x_wconf 75' lang='grc' dir='ltr'>ἐπεί</span> <span class='ocrx_word' id='word_1_206' title='bbox 418 2330 578 2379; x_wconf 88' lang='lat' dir='ltr'>Prom.</span> <span class='ocrx_word' id='word_1_207' title='bbox 609 2333 733 2388; x_wconf 82' lang='grc'>386,</span> <span class='ocrx_word' id='word_1_208' title='bbox 775 2329 896 2398; x_wconf 76' lang='grc' dir='ltr'>ἅπερ</span> <span class='ocrx_word' id='word_1_209' title='bbox 932 2330 1069 2378; x_wconf 91' lang='lat' dir='ltr'>Eum.</span> <span class='ocrx_word' id='word_1_210' title='bbox 1099 2333 1221 2388; x_wconf 86' lang='lat'>134,</span> <span class='ocrx_word' id='word_1_211' title='bbox 1262 2327 1337 2376; x_wconf 79' lang='grc' dir='ltr'>ὅτι</span> <span class='ocrx_word' id='word_1_212' title='bbox 1371 2329 1532 2377; x_wconf 90' lang='lat' dir='ltr'>Prom.</span> <span class='ocrx_word' id='word_1_213' title='bbox 1567 2332 1680 2378; x_wconf 92' lang='lat'>104.</span> <span class='ocrx_word' id='word_1_214' title='bbox 1711 2331 1827 2378; x_wconf 79' lang='grc'>261.</span> <span class='ocrx_word' id='word_1_215' title='bbox 1859 2331 1974 2378; x_wconf 76' lang='grc'>325.</span> 
     </span>
     <span class='ocr_line' id='line_1_28' title="bbox 290 2415 2013 2478; baseline 0.001 -16"><span class='ocrx_word' id='word_1_216' title='bbox 290 2417 403 2462; x_wconf 79' lang='grc'><strong>330.</strong></span> <span class='ocrx_word' id='word_1_217' title='bbox 435 2418 549 2463; x_wconf 78' lang='grc'>379.</span> <span class='ocrx_word' id='word_1_218' title='bbox 579 2418 694 2476; x_wconf 86' lang='grc'>955,</span> <span class='ocrx_word' id='word_1_219' title='bbox 734 2417 872 2465; x_wconf 89' lang='lat' dir='ltr'>Eum.</span> <span class='ocrx_word' id='word_1_220' title='bbox 901 2419 1022 2474; x_wconf 84' lang='lat'>1013</span> <span class='ocrx_word' id='word_1_221' title='bbox 1052 2416 1229 2478; x_wconf 91' lang='lat' dir='ltr'>quibus</span> <span class='ocrx_word' id='word_1_222' title='bbox 1255 2416 1494 2464; x_wconf 88' lang='lat' dir='ltr'>accedunt</span> <span class='ocrx_word' id='word_1_223' title='bbox 1521 2415 1825 2478; x_wconf 87' lang='lat' dir='ltr'>pronominis</span> <span class='ocrx_word' id='word_1_224' title='bbox 1851 2415 1977 2463; x_wconf 87' lang='lat' dir='ltr'>rela-</span> <span class='ocrx_word' id='word_1_225' title='bbox 2007 2430 2013 2437; x_wconf 92' lang='lat'><strong>·</strong></span> 
     </span>
     <span class='ocr_line' id='line_1_29' title="bbox 288 2496 1977 2567; baseline 0.001 -21"><span class='ocrx_word' id='word_1_226' title='bbox 288 2500 375 2547; x_wconf 85' lang='lat' dir='ltr'>tivi</span> <span class='ocrx_word' id='word_1_227' title='bbox 402 2501 583 2549; x_wconf 85' lang='lat' dir='ltr'>formae</span> <span class='ocrx_word' id='word_1_228' title='bbox 611 2497 716 2555; x_wconf 53' lang='lat' dir='ltr'>‘&#39;L-:i</span> <span class='ocrx_word' id='word_1_229' title='bbox 737 2501 898 2550; x_wconf 90' lang='lat' dir='ltr'>Prom.</span> <span class='ocrx_word' id='word_1_230' title='bbox 920 2503 1034 2560; x_wconf 81' lang='grc'>684,</span> <span class='ocrx_word' id='word_1_231' title='bbox 1065 2498 1165 2564; x_wconf 76' lang='grc' dir='ltr'>ὅτῳ</span> <span class='ocrx_word' id='word_1_232' title='bbox 1186 2501 1346 2549; x_wconf 83' lang='lat' dir='ltr'>Proin.</span> <span class='ocrx_word' id='word_1_233' title='bbox 1366 2499 1483 2559; x_wconf 79' lang='lat'>471,</span> <span class='ocrx_word' id='word_1_234' title='bbox 1513 2500 1543 2546; x_wconf 70' lang='grc' dir='ltr'>ὀἱ</span> <span class='ocrx_word' id='word_1_235' title='bbox 1563 2496 1652 2567; x_wconf 65' lang='grc' dir='ltr'>χρῆ</span> <span class='ocrx_word' id='word_1_236' title='bbox 1681 2499 1839 2547; x_wconf 90' lang='lat' dir='ltr'>Prom.</span> <span class='ocrx_word' id='word_1_237' title='bbox 1861 2502 1977 2560; x_wconf 82' lang='grc'>486,</span> 
     </span>
     <span class='ocr_line' id='line_1_30' title="bbox 291 2582 2035 2647; baseline 0.001 -16"><span class='ocrx_word' id='word_1_238' title='bbox 291 2589 338 2632; x_wconf 86' lang='lat' dir='ltr'>et</span> <span class='ocrx_word' id='word_1_239' title='bbox 363 2585 700 2647; x_wconf 77' lang='lat' dir='ltr'>interrogatiri</span> <span class='ocrx_word' id='word_1_240' title='bbox 737 2584 786 2632; x_wconf 81' lang='grc' dir='ltr'>τί</span> <span class='ocrx_word' id='word_1_241' title='bbox 814 2602 888 2633; x_wconf 78' lang='grc' dir='ltr'>σοι</span> <span class='ocrx_word' id='word_1_242' title='bbox 914 2586 1074 2635; x_wconf 92' lang='lat' dir='ltr'>Prom.</span> <span class='ocrx_word' id='word_1_243' title='bbox 1103 2589 1164 2634; x_wconf 83' lang='lat'>83</span> <span class='ocrx_word' id='word_1_244' title='bbox 1181 2624 1192 2644; x_wconf 91' lang='lat'>,</span> <span class='ocrx_word' id='word_1_245' title='bbox 1233 2583 1303 2642; x_wconf 83' lang='grc' dir='ltr'>τίς</span> <span class='ocrx_word' id='word_1_246' title='bbox 1328 2585 1489 2634; x_wconf 91' lang='lat' dir='ltr'>Prom.</span> <span class='ocrx_word' id='word_1_247' title='bbox 1515 2587 1640 2641; x_wconf 81' lang='lat'>504,</span> <span class='ocrx_word' id='word_1_248' title='bbox 1680 2582 1791 2630; x_wconf 71' lang='grc' dir='ltr'><strong>τίνα</strong></span> <span class='ocrx_word' id='word_1_249' title='bbox 1817 2584 1976 2633; x_wconf 91' lang='lat' dir='ltr'>Prom.</span> <span class='ocrx_word' id='word_1_250' title='bbox 2032 2604 2035 2607; x_wconf 92' lang='lat'>·</span> 
     </span>
     <span class='ocr_line' id='line_1_31' title="bbox 293 2667 1977 2739; baseline 0.002 -24"><span class='ocrx_word' id='word_1_251' title='bbox 293 2672 407 2726; x_wconf 78' lang='lat'>383,</span> <span class='ocrx_word' id='word_1_252' title='bbox 448 2667 570 2726; x_wconf 80' lang='grc' dir='ltr'><strong>τίνες</strong></span> <span class='ocrx_word' id='word_1_253' title='bbox 595 2671 754 2719; x_wconf 90' lang='lat' dir='ltr'>Prom.</span> <span class='ocrx_word' id='word_1_254' title='bbox 785 2673 902 2728; x_wconf 78' lang='lat'>492,</span> <span class='ocrx_word' id='word_1_255' title='bbox 941 2669 991 2718; x_wconf 80' lang='grc' dir='ltr'>τί</span> <span class='ocrx_word' id='word_1_256' title='bbox 1017 2668 1107 2739; x_wconf 64' lang='grc' dir='ltr'>χρὴ</span> <span class='ocrx_word' id='word_1_257' title='bbox 1134 2671 1295 2720; x_wconf 91' lang='lat' dir='ltr'>Prom.</span> <span class='ocrx_word' id='word_1_258' title='bbox 1321 2673 1437 2727; x_wconf 88' lang='lat'>660,</span> <span class='ocrx_word' id='word_1_259' title='bbox 1476 2668 1525 2718; x_wconf 84' lang='grc' dir='ltr'>τί</span> <span class='ocrx_word' id='word_1_260' title='bbox 1550 2685 1646 2717; x_wconf 83' lang='grc' dir='ltr'>που</span> <span class='ocrx_word' id='word_1_261' title='bbox 1673 2669 1835 2718; x_wconf 91' lang='lat' dir='ltr'>Prom.</span> <span class='ocrx_word' id='word_1_262' title='bbox 1861 2672 1977 2728; x_wconf 85' lang='lat'>744,</span> 
     </span>
     <span class='ocr_line' id='line_1_32' title="bbox 289 2741 1776 2825; baseline 0.003 -27"><span class='ocrx_word' id='word_1_263' title='bbox 289 2752 337 2798; x_wconf 71' lang='grc' dir='ltr'>τί</span> <span class='ocrx_word' id='word_1_264' title='bbox 364 2741 403 2799; x_wconf 74' lang='grc' dir='ltr'>δ’</span> <span class='ocrx_word' id='word_1_265' title='bbox 426 2753 480 2800; x_wconf 74' lang='grc' dir='ltr'>οὐ</span> <span class='ocrx_word' id='word_1_266' title='bbox 508 2756 680 2816; x_wconf 79' lang='lat' dir='ltr'>Agam.</span> <span class='ocrx_word' id='word_1_267' title='bbox 706 2760 822 2815; x_wconf 81' lang='lat'>534,</span> <span class='ocrx_word' id='word_1_268' title='bbox 861 2755 910 2803; x_wconf 75' lang='grc' dir='ltr'>τί</span> <span class='ocrx_word' id='word_1_269' title='bbox 937 2752 1030 2825; x_wconf 71' lang='grc' dir='ltr'>γάρ</span> <span class='ocrx_word' id='word_1_270' title='bbox 1058 2759 1232 2819; x_wconf 86' lang='lat' dir='ltr'>Agam.</span> <span class='ocrx_word' id='word_1_271' title='bbox 1259 2759 1375 2805; x_wconf 84' lang='lat'>579.</span> <span class='ocrx_word' id='word_1_272' title='bbox 1417 2755 1635 2818; x_wconf 86' lang='lat' dir='ltr'>Choeph.</span> <span class='ocrx_word' id='word_1_273' title='bbox 1661 2757 1776 2804; x_wconf 81' lang='grc'>688.</span> 
     </span>
    </p>

    <p class='ocr_par' dir='ltr' id='par_1_5' title="bbox 293 2839 2055 3160">
     <span class='ocr_line' id='line_1_33' title="bbox 397 2839 1978 2891; baseline 0.001 -6"><span class='ocrx_word' id='word_1_274' title='bbox 397 2839 515 2886; x_wconf 86' lang='lat' dir='ltr'>Tum</span> <span class='ocrx_word' id='word_1_275' title='bbox 546 2841 690 2888; x_wconf 86' lang='lat' dir='ltr'>etiam</span> <span class='ocrx_word' id='word_1_276' title='bbox 719 2848 948 2890; x_wconf 88' lang='lat' dir='ltr'>accentus</span> <span class='ocrx_word' id='word_1_277' title='bbox 974 2843 1099 2891; x_wconf 85' lang='lat' dir='ltr'>ratio</span> <span class='ocrx_word' id='word_1_278' title='bbox 1138 2843 1264 2890; x_wconf 87' lang='lat' dir='ltr'>inter</span> <span class='ocrx_word' id='word_1_279' title='bbox 1291 2842 1532 2890; x_wconf 83' lang='lat' dir='ltr'>vocabula</span> <span class='ocrx_word' id='word_1_280' title='bbox 1557 2842 1605 2888; x_wconf 91' lang='lat' dir='ltr'>in</span> <span class='ocrx_word' id='word_1_281' title='bbox 1633 2841 1844 2889; x_wconf 88' lang='lat' dir='ltr'>diversis</span> <span class='ocrx_word' id='word_1_282' title='bbox 1872 2854 1978 2888; x_wconf 89' lang='lat' dir='ltr'>ver-</span> 
     </span>
     <span class='ocr_line' id='line_1_34' title="bbox 293 2924 1977 2990; baseline 0.002 -22"><span class='ocrx_word' id='word_1_283' title='bbox 293 2924 430 2971; x_wconf 74' lang='lat' dir='ltr'>sibus</span> <span class='ocrx_word' id='word_1_284' title='bbox 459 2925 697 2972; x_wconf 85' lang='lat' dir='ltr'>collocata</span> <span class='ocrx_word' id='word_1_285' title='bbox 723 2927 992 2987; x_wconf 73' lang='lat' dir='ltr'>intercedit,</span> <span class='ocrx_word' id='word_1_286' title='bbox 1016 2943 1111 2990; x_wconf 88' lang='lat' dir='ltr'>qua</span> <span class='ocrx_word' id='word_1_287' title='bbox 1137 2927 1212 2975; x_wconf 78' lang='lat' dir='ltr'>vel</span> <span class='ocrx_word' id='word_1_288' title='bbox 1241 2927 1467 2975; x_wconf 85' lang='lat' dir='ltr'>enclitica</span> <span class='ocrx_word' id='word_1_289' title='bbox 1492 2927 1543 2974; x_wconf 93' lang='lat' dir='ltr'>in</span> <span class='ocrx_word' id='word_1_290' title='bbox 1570 2926 1843 2990; x_wconf 84' lang='lat' dir='ltr'>proximum</span> <span class='ocrx_word' id='word_1_291' title='bbox 1872 2939 1977 2973; x_wconf 80' lang='lat' dir='ltr'>ver-</span> 
     </span>
     <span class='ocr_line' id='line_1_35' title="bbox 295 3011 1978 3075; baseline 0.002 -20"><span class='ocrx_word' id='word_1_292' title='bbox 295 3024 400 3056; x_wconf 86' lang='lat' dir='ltr'>sum</span> <span class='ocrx_word' id='word_1_293' title='bbox 426 3011 670 3068; x_wconf 86' lang='lat' dir='ltr'>reiciatur,</span> <span class='ocrx_word' id='word_1_294' title='bbox 707 3011 839 3059; x_wconf 66' lang='lat' dir='ltr'>velut</span> <span class='ocrx_word' id='word_1_295' title='bbox 866 3014 1040 3075; x_wconf 78' lang='lat' dir='ltr'>Agam.</span> <span class='ocrx_word' id='word_1_296' title='bbox 1069 3014 1195 3060; x_wconf 82' lang='lat'>1191</span> <span class='ocrx_word' id='word_1_297' title='bbox 1230 3013 1375 3074; x_wconf 77' lang='grc' dir='ltr'>ἔστιν,</span> <span class='ocrx_word' id='word_1_298' title='bbox 1408 3013 1470 3061; x_wconf 90' lang='lat' dir='ltr'>ab</span> <span class='ocrx_word' id='word_1_299' title='bbox 1498 3011 1777 3060; x_wconf 88' lang='lat' dir='ltr'>Hermanno</span> <span class='ocrx_word' id='word_1_300' title='bbox 1814 3014 1978 3059; x_wconf 84' lang='lat' dir='ltr'>tamen</span> 
     </span>
     <span class='ocr_line' id='line_1_36' title="bbox 295 3078 2055 3160; baseline 0.005 -20"><span class='ocrx_word' id='word_1_301' title='bbox 295 3108 400 3141; x_wconf 88' lang='lat' dir='ltr'>cum</span> <span class='ocrx_word' id='word_1_302' title='bbox 430 3101 631 3143; x_wconf 85' lang='lat' dir='ltr'>accentu</span> <span class='ocrx_word' id='word_1_303' title='bbox 659 3102 800 3144; x_wconf 80' lang='lat' dir='ltr'>acuto</span> <span class='ocrx_word' id='word_1_304' title='bbox 828 3098 872 3144; x_wconf 90' lang='lat' dir='ltr'>in</span> <span class='ocrx_word' id='word_1_305' title='bbox 903 3098 1072 3145; x_wconf 86' lang='lat' dir='ltr'>ultima</span> <span class='ocrx_word' id='word_1_306' title='bbox 1099 3098 1350 3160; x_wconf 88' lang='lat' dir='ltr'>scriptum.</span> <span class='ocrx_word' id='word_1_307' title='bbox 2054 3078 2055 3089; x_wconf 12' lang='grc' dir='ltr'>ἵ</span> 
     </span>
    </p>

    <p class='ocr_par' dir='ltr' id='par_1_6' title="bbox 404 3180 1979 3245">
     <span class='ocr_line' id='line_1_37' title="bbox 404 3180 1979 3245; baseline 0.002 -19"><span class='ocrx_word' id='word_1_308' title='bbox 404 3180 577 3228; x_wconf 84' lang='lat' dir='ltr'>Verum</span> <span class='ocrx_word' id='word_1_309' title='bbox 602 3195 894 3243; x_wconf 90' lang='lat' dir='ltr'>quamquam</span> <span class='ocrx_word' id='word_1_310' title='bbox 915 3184 1130 3232; x_wconf 87' lang='lat' dir='ltr'>rationes</span> <span class='ocrx_word' id='word_1_311' title='bbox 1154 3184 1500 3244; x_wconf 85' lang='lat' dir='ltr'>grammaticae</span> <span class='ocrx_word' id='word_1_312' title='bbox 1527 3195 1677 3245; x_wconf 89' lang='lat' dir='ltr'>saepe</span> <span class='ocrx_word' id='word_1_313' title='bbox 1706 3180 1979 3244; x_wconf 84' lang='lat' dir='ltr'>efflagitant</span> 
     </span>
    </p>
   </div>
  </div>
 </body>
</html>
