2055 3589
1099 226 1167 277 20

297 404 479 452 omisso
514 401 574 448 de
610 414 703 461 quo
739 398 866 446 infra
899 397 1176 446 accuratius
1203 395 1450 458 agendum
1478 396 1571 443 erit
1595 395 1704 445 loco
1739 395 1822 457 10)
1848 396 1984 460 Sept.
2039 400 2055 433 l

299 486 606 542 350—657,
644 484 727 531 ubi
761 483 888 530 inter
923 487 1113 544 septem
1151 481 1307 528 nuntii
1343 480 1593 529 orationes
1634 495 1743 529 cum
1780 481 1988 530 totidem
2041 469 2055 518 l

297 569 551 634 responsis
578 568 794 616 Eteoclis
822 567 1109 615 coniunctas
1135 570 1238 614 tres
1276 565 1511 628 strophae
1548 565 1988 629 antistrophaeque
2042 554 2055 603 l

297 654 430 702 chori
457 653 812 711 intericiuntur,
842 665 1104 714 pergamus
1131 649 1195 697 ad
1223 665 1295 710 ea,
1325 665 1448 712 quae
1469 666 1633 698 unum,
1653 647 1991 716 stropharum

291 754 397 803 par
430 736 565 785 ‘inter
597 751 852 784 sermones
889 734 1138 783 inserant.
1196 734 1273 782 Ita
1299 735 1427 782 enim
1457 734 1681 783 videmus
1715 734 1800 795 11)
1827 735 1988 784 Prom.

298 824 570 872 563-613
609 820 743 869 Ionis
784 820 1000 868 carmina
1035 820 1208 868 eodem
1245 820 1559 882 quaternario
1594 835 1796 869 numero
1824 820 1990 869 trime-

295 912 480 955 trorum
515 922 545 954 a
578 905 870 954 Prometheo
911 905 1094 968 excipi,
1141 906 1287 953 etiam
1327 905 1591 954 verborum
1631 905 1990 966 coniunctione,

297 1007 419 1055 quae
456 992 583 1039 inter
618 990 873 1053 stropham
912 994 960 1037 et
993 991 1242 1038 trimetros
1270 990 1590 1052 insequentes
1616 991 1889 1038 intercedat
1913 991 1991 1038 bis
2053 997 2055 1021 4

294 1077 507 1139 repetita
541 1071 702 1130 κλύεις
728 1070 812 1134 (ω)
843 1076 958 1122 588.
990 1076 1117 1135 589,
1153 1078 1309 1143 τορῶς
1340 1076 1455 1122 605.
1488 1076 1603 1122 610.
1659 1073 1843 1123 Contra
1878 1075 1991 1123 reli-

296 1176 392 1222 qua
417 1161 510 1208 tria
536 1159 762 1223 exempla
787 1174 893 1206 eam
917 1159 1317 1221 aequabilitatem
1339 1174 1435 1207 non
1458 1159 1725 1207 admittunt
1751 1156 1830 1216 12)
1852 1158 1990 1208 Pers.

299 1247 516 1294 695—7
525 1247 588 1292 03
619 1238 737 1310 Χορ.
766 1259 864 1311 στρ.
894 1238 1236 1308 (anapaestico
1265 1249 1444 1306 metr0,
1483 1260 1580 1293 non
1617 1244 1748 1306 quod
1774 1245 1823 1292 in
1850 1259 1992 1307 prae-

297 1330 583 1378 cedentibus
633 1328 870 1391 exemplis
926 1329 1154 1378 omnibus
1193 1329 1406 1377 vidimus
1451 1329 1740 1377 dochmiaco
1787 1327 1994 1392 scripta)

295 1410 412 1482 Δαρ.
442 1417 468 1462 3
508 1419 700 1462 tetram.
737 1407 798 1460 X.
827 1411 958 1473 ἀντ.;
1004 1429 1118 1461 nam
1163 1415 1245 1476 qui
1289 1415 1614 1476 insequuntur
1656 1416 1683 1462 6
1722 1414 1995 1462 tetrametri

296 1499 429 1547 Darii
468 1514 559 1547 nec
597 1514 654 1547 ex
697 1498 776 1547 bis
820 1499 974 1546 ternis
1021 1504 1249 1547 constant
1293 1504 1341 1548 et
1384 1514 1495 1547 cum
1539 1499 1861 1561 sequentibus
1909 1513 1995 1547 sex

297 1585 510 1633 Atossae
537 1584 797 1647 compositi
826 1588 962 1643 sunt3
997 1579 1077 1647 13)
1105 1584 1280 1645 Agam.
1304 1585 1667 1644 1332—1410,
1698 1583 1780 1632 ubi
1806 1583 1994 1646 primae

298 1669 509 1717 orationi
536 1669 956 1732 Clytaemnestrae
986 1670 1048 1716 27
1078 1683 1311 1717 versuum
1349 1671 1377 1717 2
1405 1668 1640 1728 trimetri,
1676 1667 1819 1716 alteri
1857 1670 1885 1716 6
1913 1683 1993 1716 vv.

298 1754 503 1816 stropha
539 1754 811 1802 dochmiaei
848 1754 1068 1815 generis,
1104 1754 1278 1802 tertiae
1311 1758 1373 1802 14
1401 1769 1479 1802 vv.
1509 1753 1825 1816 antistropha
1860 1753 1996 1801 chori

300 1840 589 1902 opponitur,
637 1854 782 1901 quam
822 1840 904 1901 qui
945 1843 1217 1901 sequuntur
1259 1840 1315 1887 17
1356 1853 1532 1887 versus
1571 1836 1997 1900 Clytaemnestrae

299 1937 528 1971 scaenam
566 1924 880 1972 concludunt.
935 1923 1140 1972 Frustra
1168 1924 1297 1972 enim
1321 1923 1526 1972 Weilius
1553 1938 1702 1972 versu
1727 1928 1843 1987 post
1863 1925 1991 1972 1361

299 2009 484 2057 inserto
531 2013 579 2057 et
623 2009 803 2058 finibus
849 2009 1164 2072 periodorum
1211 2013 1329 2072 post
1378 2010 1508 2058 1379
1550 2013 1599 2058 et
1642 2010 1774 2057 1399
1813 2009 1996 2057 notatis

301 2093 699 2155 aequabilitatem
735 2095 974 2154 restituit,
1012 2109 1109 2157 qua
1133 2095 1211 2143 bis
1240 2094 1435 2157 septeni
1464 2109 1637 2142 versus
1666 2099 1715 2142 et
1741 2094 1997 2156 stropham

303 2183 350 2226 et
383 2179 746 2242 antistropham
782 2180 1063 2241 cingerent3
1103 2194 1212 2227 cum
1247 2194 1339 2227 nec
1365 2194 1542 2227 versus
1580 2179 1664 2226 ille
1692 2179 2000 2227 desideretur

302 2278 390 2311 nec
417 2263 502 2310 illa
529 2264 803 2312 orationum
832 2264 1083 2312 distinctio
1112 2265 1162 2311 in
1182 2264 1348 2312 verbis
1371 2265 1494 2312 satis
1515 2264 1733 2312 indicata
1760 2266 1838 2312 sit.
1880 2263 1997 2312 Ter-

302 2348 421 2395 tium
458 2348 667 2411 denique
703 2349 832 2411 quod
859 2349 953 2396 huc
980 2350 1224 2411 pertineat
1251 2349 1528 2411 exemplum
1556 2353 1633 2397 est
1663 2345 1743 2409 14)
1776 2347 1996 2411 Choeph.

306 2433 460 2478 967-
484 2435 633 2495 1039,
659 2434 743 2481 ubi
761 2433 963 2482 Weilius
990 2438 1122 2482 recte
1145 2434 1338 2481 videtur
1359 2449 1438 2480 vv.
1458 2435 1609 2481 977-
1636 2435 1752 2490 984,
1782 2433 1830 2480 in
1858 2433 1998 2481 libris

307 2521 420 2578 post
448 2518 545 2565 998
574 2518 729 2566 lectos
756 2523 873 2582 post
904 2521 1034 2567 1008
1064 2519 1362 2577 collocasse,
1390 2523 1445 2565 ut
1469 2521 1764 2585 προςφωνῶν
1792 2534 1836 2566 v.
1867 2520 1998 2565 1010

307 2600 366 2647 ad
409 2602 708 2663 praecedens
747 2600 992 2671 προςείπω
1031 2604 1288 2652 referatur.
1347 2602 1563 2666 Stropha
1600 2603 1750 2664 igitur
1789 2607 1837 2651 et
1873 2603 1998 2651 anti-
2036 2605 2040 2608 ’

309 2686 513 2747 stropha
549 2687 682 2734 chori
717 2688 1064 2751 anapaesticae
1102 2689 1443 2736 intericiuntur
1478 2688 1636 2736 tribus
1665 2687 1855 2736 Orestis
1891 2703 1996 2736 ora·
2053 2721 2055 2751 ἲ

307 2769 522 2818 tionibus
552 2773 632 2828 26,
667 2774 743 2830 16,
774 2774 835 2821 23
867 2788 1112 2822 versuum.
1155 2772 1288 2834 Quas
1314 2778 1368 2821 ut
1394 2778 1629 2835 aequaret
1656 2772 1860 2821 Weilius
1887 2777 2000 2820 ante

311 2855 408 2902 935
440 2854 660 2902 distinxit
697 2857 1007 2920 sedecimque
1037 2873 1209 2906 versus
1237 2858 1319 2920 qui
1348 2862 1672 2921 sequerentur
1704 2860 1764 2905 16
1791 2857 1891 2904 illis
1918 2857 2001 2919 qui

309 2940 668 3001 antistropham
706 2943 1057 3003 praecederent
1096 2944 1354 3005 opposuit,
1391 2957 1596 3005 eamque
1622 2942 1999 3005 responsionem

311 3037 367 3070 eo
396 3024 649 3071 clariorem
678 3040 787 3073 esse
817 3027 1081 3085 contendit,
1110 3028 1239 3089 quod
1269 3028 1447 3076 divisio
1474 3028 1730 3088 utriusque
1757 3026 1853 3074 loci
1878 3026 2002 3074 haec

312 3113 465 3154 esset:
506 3112 550 3164 4,
581 3112 627 3165 4,
657 3112 702 3167 4,
732 3113 777 3156 4.
833 3111 1064 3159 Attamen
1091 3126 1150 3160 ne
1178 3112 1338 3158 dicam
1365 3128 1444 3159 vv.
1475 3113 1793 3160 993-1000
1833 3110 2001 3173 potius

313 3204 373 3236 ex
403 3194 447 3249 3,
477 3195 521 3249 3,
552 3194 579 3239 2
616 3197 864 3253 constare,
903 3196 1098 3243 omnino
1133 3197 1290 3243 oratio
1325 3197 1423 3243 iam
1458 3211 1487 3243 a
1517 3212 1562 3244 v.
1594 3197 1692 3243 974
1720 3195 1781 3242 ad
1810 3199 2001 3243 vestem

312 3273 511 3322 fatalem
551 3276 769 3336 deflexit,
806 3292 950 3339 quam
989 3295 1078 3342 per
1117 3281 1306 3342 priores
1342 3280 1454 3328 illos
1499 3282 1556 3328 16
1595 3293 1768 3328 versus
1796 3279 2000 3327 Weilius
