2055 3589
952 102 1018 153 69

56 292 59 294 ·
84 335 88 339 ῃ
141 272 518 336 stichomythica
543 273 730 322 ratione
757 272 1009 333 distribui,
1038 274 1086 322 in
1115 275 1268 323 altera
1294 274 1577 324 coniunctos
1600 275 1818 338 Apollini

141 358 260 405 dari.
321 357 555 419 Equidem
582 372 698 406 vero
727 362 779 405 ut
813 357 1210 420 stichomythiam
1247 360 1358 421 ipso
1385 363 1671 421 argumento
1707 374 1818 421 pro-

140 439 376 499 creatam,
425 440 548 503 ipsis
594 441 757 488 verbis
796 433 858 500 (ὦ
899 443 1013 489 736.
1058 441 1182 500 737)
1230 441 1492 489 indicatam
1539 442 1819 499 concedam,

142 511 336 572 ceteros
358 538 529 571 versus
567 538 649 571 cur
677 525 899 572 consulto
926 525 1051 572 inter
1077 539 1130 572 se
1159 525 1419 587 oppositos
1458 525 1676 583 credam,
1714 525 1819 572 nul-

139 608 235 655 lam
272 622 469 655 causam
505 607 664 655 video.
736 607 954 669 Denique
991 607 1040 655 in
1076 608 1289 670 septima
1324 613 1461 670 parte
1503 608 1704 657 Weilius
1742 625 1818 656 vv.

141 693 414 739 759—766
452 691 789 753 interpolatori
823 692 1018 748 tribuit,
1067 691 1368 739 Dindorfium
1410 696 1632 750 secutus,
1676 707 1818 754 quem

140 780 299 823 tamen
329 776 391 823 ob
419 791 497 822 vv.
529 777 801 823 678—694
831 775 1090 823 damnatos
1125 775 1397 823 rectissime
1435 776 1709 838 refellerat3
1737 791 1819 825 ne·

137 874 230 921 que
274 875 389 908 vero
433 859 482 906 in
525 859 619 906 hoc
661 858 769 907 loco
819 859 1104 908 mirabimur
1148 859 1373 921 pluribus
1414 858 1577 907 verbis
1621 860 1819 908 tractari

138 943 308 1006 foedus
343 942 662 1003 Argivorum,
702 943 829 1005 quod
866 957 1020 1005 aeque
1056 943 1488 1006 atque-Areopagi
1522 946 1819 1006 potestatem

134 1028 186 1075 in
212 1026 378 1074 fabula
404 1040 494 1074 sua
521 1027 959 1075 commendandum
988 1027 1083 1076 sibi
1109 1027 1425 1090 proposuerit
1450 1031 1612 1089 poeta.

240 1107 336 1158 Sed
365 1110 459 1158 iam
489 1111 609 1158 satis
638 1116 754 1174 puto
783 1127 1040 1175 apparere,
1069 1116 1250 1174 quanta
1276 1111 1518 1159 abiciendi
1555 1111 1820 1175 supplendi

135 1195 486 1257 transponendi
525 1195 731 1242 audacia
767 1195 939 1244 Weilio
975 1210 1100 1259 opus
1139 1195 1283 1243 fuerit
1319 1195 1383 1243 ad
1421 1196 1820 1256 aequabilitatem

137 1294 274 1328 Suam
311 1279 687 1337 restituendam,
725 1283 851 1337 tum,
889 1280 1019 1341 quod
1047 1279 1244 1341 gravius
1272 1285 1369 1339 est,
1408 1284 1589 1341 quanta
1616 1279 1816 1328 libidine

135 1364 184 1411 in
210 1364 427 1427 periodis
463 1362 752 1410 definiendis
789 1363 1257 1426 comparandisque3
1298 1367 1348 1410 ut
1375 1363 1533 1424 quivis
1570 1364 1822 1422 concedat,

136 1447 582 1496 exaedificationem
613 1447 810 1509 dignam
841 1462 950 1495 esse
987 1447 1330 1495 fundamentis.
1395 1447 1466 1494 De
1493 1447 1672 1508 quibus
1699 1449 1820 1496 nihil

135 1531 347 1594 amplius
383 1531 584 1590 addam,
623 1531 806 1594 quippe
828 1546 955 1593 quae
989 1532 1086 1578 iam
1121 1532 1153 1579 ii
1190 1531 1288 1594 ipsi
1313 1532 1704 1592 castigaverunt,
1740 1531 1821 1593 qui

136 1616 185 1663 in
212 1615 419 1677 singulis
448 1615 568 1663 locis
595 1616 806 1663 fortasse
840 1615 983 1663 nimis
1011 1616 1186 1678 cupide
1214 1616 1562 1677 quaesiverunt
1589 1616 1819 1677 aequabi-

136 1700 348 1760 litatem,
375 1699 590 1747 Keckius
634 1701 682 1748 in
728 1699 1073 1748 dissertatione
1113 1699 1408 1761 aliquotiens
1444 1704 1823 1748 commemorata

136 1787 185 1831 et
208 1783 508 1832 Ribbeckius
537 1779 718 1847 (Neues
739 1781 1177 1833 Schweizerisches
1202 1784 1420 1832 Museum
1455 1786 1584 1832 1860
1620 1784 1657 1832 I.
1680 1784 1819 1831 Jahr-

137 1882 267 1930 gang
306 1871 350 1916 4.
374 1867 643 1931 Doppelh.)
