2055 3589
1017 30 1085 80 40

215 211 492 261 affirmavit:
537 207 578 269 l)
609 223 651 254 v.
679 207 793 260 373,
831 218 971 266 quem
1008 202 1069 250 ob
1105 199 1200 264 βοᾷ
1235 196 1394 269 μάχῆς
1429 197 1548 266 ἐρῶν
1574 199 1805 261 laugnide
1831 202 1920 249 ex·

218 314 292 344 vv.
320 298 434 344 361.
459 294 554 341 362
584 290 842 353 repetitum
871 286 1024 336 eiecit.
1066 287 1132 334 At
1158 300 1263 334 eam
1291 299 1402 333 esse
1425 284 1659 347 Aeschyli
1684 299 1888 334 consue—

216 380 446 435 tudinem,
471 380 519 423 ut
541 375 599 422 ad
624 373 877 436 superiora
898 371 973 419 vel
995 370 1178 419 eisdem
1201 369 1365 417 verbis
1386 368 1609 431 repetitis
1629 369 1816 429 redeat⁷
1841 373 1892 418 et

219 463 414 511 Weilius
440 459 677 507 adversus
705 456 949 505 Prienium
975 454 1259 504 observavit
1285 458 1334 502 et
1358 468 1448 502 nos
1475 467 1628 516 supra
1654 453 1891 516 exemplis

216 546 484 595 docuimus,
514 543 671 590 Minus
690 541 833 590 etiam
853 555 1091 604 prospere
1113 538 1264 587 cessit
1278 537 1492 597 Prienio,
1513 537 1642 600 quod
1662 533 1710 601 2)
1727 554 1774 586 v.
1789 540 1888 588 375

216 638 264 679 ut
285 628 525 690 imaginis,
555 642 677 690 quae
699 627 744 674 in
769 642 812 673 v.
831 627 928 674 374
950 624 1189 672 indicetur
1210 623 1365 672 fusius
1388 622 1724 686 explanandae
1741 638 1892 672 causa

213 732 241 762 a
268 713 465 763 librario
492 712 653 774 aliquo
681 711 898 759 additum
928 723 1037 757 esse
1059 709 1270 772 probare
1292 708 1460 756 voluit.
1501 707 1656 769 Quem
1676 708 1775 756 iam
1794 707 1890 756 En-

214 813 356 861 gerus
386 797 505 845 vidit
530 800 714 844 tantum
740 796 939 853 abesse,
978 799 1030 842 ut
1054 793 1174 842 nihil
1201 795 1313 843 novi
1351 793 1526 854 addat,
1565 797 1618 842 ut
1651 807 1893 842 summam

215 881 592 946 comparationis
621 881 879 938 contineat,
907 894 1003 942 qua
1023 878 1218 942 Tydeus
1245 879 1306 928 ab
1331 878 1633 943 Amphiarao
1656 892 1717 927 ne
1736 877 1892 928 Isme-

214 982 323 1014 num
363 965 781 1027 transgrederetur
814 964 1092 1028 prohibitus
1130 978 1237 1012 cum
1273 978 1397 1027 equo
1433 964 1671 1013 fremente
1698 978 1893 1026 compa-

213 1055 369 1108 retur,
421 1051 501 1112 qui
548 1050 693 1097 tubae
745 1049 909 1097 sonitu
958 1049 1124 1098 audito
1175 1053 1480 1106 coerceatur3
1530 1064 1641 1096 nam
1694 1048 1894 1111 egregie

215 1134 416 1197 Freyius
455 1135 502 1181 in
543 1134 888 1183 dissertatione
927 1134 985 1183 de
1025 1135 1180 1183 schol.
1219 1134 1344 1182 Med.
1382 1133 1536 1182 Bonn.
1576 1135 1703 1182 1857
1745 1147 1894 1182 voces

213 1218 424 1287 εἴργεται
450 1215 630 1282 κλύων,
656 1220 859 1268 alteram
888 1235 945 1268 ex
970 1220 1214 1279 lemmate,
1251 1220 1454 1268 alteram
1484 1234 1540 1268 ex
1567 1218 1894 1282 explicatione

214 1303 503 1352 scholiorum
543 1305 731 1354 eruisse
760 1305 965 1353 videtur.
1017 1305 1189 1368 Itaque
1216 1305 1440 1353 Prienius
1468 1304 1516 1352 in
1543 1305 1699 1353 altero
1727 1319 1892 1368 progr.

212 1386 387 1436 Lubec.
413 1391 539 1438 1858
562 1391 624 1438 ab
646 1389 729 1438 illo
752 1390 945 1453 quidem
967 1405 1111 1439 versu
1133 1390 1352 1438 eiciendo
1375 1390 1580 1449 destitit,
1607 1389 1696 1438 sed
1717 1405 1762 1437 v.
1778 1391 1897 1449 357,

213 1477 263 1518 ut
301 1473 395 1521 iam
424 1474 726 1536 Hartungius
766 1476 969 1533 fecerat,
1007 1475 1056 1523 in
1098 1476 1422 1538 suspitionem
1463 1476 1681 1534 vocavit3
1725 1474 1896 1522 nuntio

213 1559 337 1606 enim
369 1560 662 1608 narrandum
689 1575 814 1620 esse,
843 1575 938 1608 non
967 1560 1211 1622 quomodo
1240 1560 1420 1622 singuli
1448 1560 1597 1608 duces
1617 1561 1668 1607 in
1689 1559 1896 1621 singulis

214 1645 386 1707 portis,
415 1645 500 1693 sed
529 1660 766 1707 quasnam
794 1653 962 1707 portas
991 1645 1150 1693 sortiti
1178 1645 1290 1693 sint.
1331 1645 1396 1692 At
1415 1644 1597 1693 locutio
1621 1644 1899 1713 Aeschssylea

212 1729 348 1777 facile
375 1746 403 1777 a
429 1730 604 1792 quovis
633 1731 832 1778 vocibus
858 1734 945 1786 τῆς
965 1718 1157 1786 τάξεως
1183 1729 1262 1777 vel
1288 1725 1535 1797 ταχθῆναι
1562 1729 1624 1777 ad
1653 1726 1703 1777 ἐν
1722 1723 1899 1786 πύλαις

211 1813 454 1877 suppletis
492 1814 805 1877 intelligitur,
842 1830 965 1878 quae
994 1815 1140 1864 etiam
1175 1815 1226 1863 in
1253 1831 1332 1864 vv.
1361 1816 1480 1864 432.
1510 1817 1610 1864 438
1639 1814 1898 1863 addendae

211 1903 336 1947 sunt

314 1981 550 2032 Alterum
587 1986 857 2034 orationum
895 2002 983 2050 par
1018 2001 1246 2035 numeros
1273 2001 1477 2049 prorsus
1505 1999 1654 2049 pares
1683 1984 1895 2050 exhibet·

209 2069 304 2118 Sed
341 2086 383 2117 v.
415 2073 510 2117 407
550 2071 874 2134 suspitionem
912 2077 1100 2130 movet,
1140 2072 1321 2135 quippe
1362 2072 1444 2135 qui
1482 2071 1634 2119 minis
1678 2070 1899 2134 Capanei

214 2155 303 2201 iam
340 2171 382 2202 v.
416 2157 513 2203 406
559 2155 859 2204 adnuntiatis
905 2157 1111 2205 alterum
1155 2157 1435 2219 ingressum
1481 2161 1648 2220 paret-3
1694 2156 1898 2216 accedit,

214 2240 337 2301 quod
370 2240 468 2288 fere
495 2240 624 2288 idem
652 2256 698 2289 v.
722 2243 821 2289 530
848 2242 990 2290 redit.
1042 2241 1214 2304 Itaque
1242 2247 1357 2305 post
1382 2241 1749 2290 Lachmannum
1776 2241 1898 2290 Har-

215 2325 409 2386 tungius
452 2340 560 2373 eum
601 2326 764 2386 eiecit;
814 2327 900 2375 sed
941 2333 1071 2375 recte
1110 2327 1334 2376 Prienius
1374 2327 1556 2391 duplex
1593 2327 1897 2390 prooemium

212 2410 392 2472 duplici
420 2411 690 2471 sententia,
725 2427 821 2475 qua
846 2411 1062 2475 Capanei
1090 2413 1324 2460 iactantia
1350 2419 1396 2462 et
1421 2413 1688 2460 humanum
1713 2426 1899 2460 morem

215 2494 443 2542 excedere
471 2500 517 2542 et
543 2497 649 2545 urbi
675 2496 913 2546 terribilia
940 2497 1114 2545 minari
1144 2497 1401 2556 diceretur,
1431 2498 1706 2556 excusavit3
1744 2502 1899 2546 recte-

215 2593 304 2639 que
344 2579 560 2641 Engerus
601 2582 883 2630 observavit
921 2581 1169 2630 Eteoclem
1217 2597 1334 2630 voce
1383 2581 1581 2629 ἀπειλεῖ
1622 2598 1666 2630 v.
1697 2583 1792 2630 421
1835 2582 1899 2630 ad

216 2663 342 2710 hunc
371 2678 559 2712 versum
587 2667 845 2729 respicere.

322 2747 377 2795 In
413 2747 561 2795 tertia
600 2752 752 2799 nuntii
791 2753 1009 2802 oratione
1046 2752 1165 2801 nihil
1201 2752 1555 2816 reprehensum
1592 2757 1668 2801 est
1681 2772 1693 2812 3
1731 2756 1903 2801 contra

219 2831 537 2892 gravissimae
582 2836 751 2884 turbae
797 2839 1034 2886 excitatae
1079 2843 1194 2886 sunt
1236 2838 1421 2886 ineunti
1467 2853 1709 2901 responso
1748 2836 1898 2898 regiS.

220 2916 440 2965 Prienius
477 2919 602 2966 enim
641 2935 754 2969 voce
792 2909 934 2969 τόνδε
972 2939 1014 2970 v.
1045 2925 1142 2972 453
1186 2923 1451 2985 significari
1488 2923 1642 2973 voluit
1675 2922 1900 2971 lacunam

217 3001 399 3062 aliquot·
436 3017 686 3062 versuum,
723 3007 896 3067 quibus
933 3008 994 3057 de
1028 3009 1127 3056 alia
1160 3023 1211 3056 re
1247 3023 1390 3070 quam
1427 3009 1487 3058 de
1512 3009 1598 3057 illo
1625 2994 1711 3055 ὅδε
1736 3011 1900 3055 actum

219 3086 382 3145 fuerit,
427 3094 473 3135 et
523 3089 830 3151 potissimum
875 3093 933 3142 de
977 3094 1275 3143 iactabunda
1317 3094 1402 3142 illa
1443 3094 1611 3144 Martis
1655 3093 1897 3144 irrisione.
