2055 3589
884 241 950 293 59

78 419 123 463 5.
153 418 198 463 5.
229 417 274 463 5.
340 416 404 463 At
438 415 644 479 primum
679 414 855 464 lacuna
892 413 977 462 illa
1014 413 1219 462 duorum
1262 427 1489 481 versuum
1530 413 1752 462 incertis·

77 501 200 548 sima
226 504 316 548 est.
368 500 549 548 Nititur
575 500 701 548 enim
729 503 925 564 praeter
952 514 1155 562 pravum
1182 497 1534 546 sententiarum
1562 513 1752 558 nexum,

75 599 218 646 quem
257 588 417 632 tamen
446 584 754 632 Hermannus
789 584 911 631 satis
951 582 1201 632 commode
1236 583 1472 642 restituit,
1509 583 1556 630 in
1587 583 1756 644 glossa

72 667 305 730 Hesychii
352 683 408 716 ex
453 673 648 716 auctore
694 683 787 715 non
829 667 1076 716 nominato
1114 671 1315 731 sumpta
1350 656 1755 734 προςαεθρίζουσα

72 749 326 820 πόμπιμον
352 748 520 820 φλόγα
546 769 554 778 ·
581 756 789 799 ποιοῦσα
815 749 906 805 τὴν
933 748 1099 820 φλόγα
1122 747 1504 818 ἀναπέμπεσθαι
1528 747 1645 820 πρὸς
1669 748 1755 798 τὸν

75 832 274 902 αἰθέρα,
313 851 458 899 quam
486 836 765 885 Dindorfius
803 837 863 884 ad
900 837 1026 884 hanc
1065 836 1252 898 ignium
1289 836 1647 884 enarrationem
1680 851 1754 885 re-

42 974 47 979 ,
72 921 196 968 tulit.
249 921 299 969 Is
325 921 518 983 quidem
543 906 834 983 glossam'in
863 937 907 968 v.
934 923 1032 970 286
1062 935 1148 984 pro
1176 920 1341 971 verbis
1367 915 1520 967 πλέον
1546 917 1756 967 καίουσα

71 1009 171 1052 τῶν
197 1001 459 1073 εἰρημένων
485 1007 694 1068 recepit;
729 1020 852 1068 quae
889 1010 1052 1054 tamen
1080 1021 1111 1054 a
1136 1005 1452 1069 simplicitate
1482 1003 1758 1068 Aeschylea

72 1104 168 1138 non
195 1090 384 1138 absona
409 1105 520 1141 esse
555 1091 651 1138 iam
678 1091 761 1138 alii
788 1091 1169 1150 contenderunt,
1207 1105 1363 1153 neque
1390 1090 1616 1153 equidem
1644 1104 1754 1154 per-

81 1174 261 1238 spiciO,
304 1175 548 1237 quomodo
603 1175 795 1224 illorum
831 1176 1169 1239 interpretatio
1210 1175 1363 1223 fuisse
1389 1175 1598 1238 possint.
1660 1174 1757 1223 Sed

73 1260 218 1308 etiam
245 1259 450 1308 Weilius
486 1260 643 1308 salsus
678 1267 778 1318 est3
819 1276 930 1307 nam
959 1261 1110 1308 verba
1136 1260 1219 1307 illa
1244 1260 1293 1307 in
1322 1275 1379 1308 eo
1406 1259 1543 1320 loco,
1582 1260 1631 1307 in
1659 1274 1754 1322 quo

2 1345 5 1350 '
71 1343 278 1392 inseruit
311 1359 408 1392 non
453 1344 823 1399 desiderantur,
859 1345 956 1392 imo
993 1358 1088 1391 non
1118 1345 1275 1392 solum
1304 1349 1451 1408 poeta
1482 1344 1530 1391 in
1560 1345 1609 1392 vi
1634 1345 1754 1393 facis

73 1428 118 1476 in
157 1429 287 1477 Atho
321 1443 561 1477 accensae
600 1428 696 1476 iam
734 1431 762 1476 4
798 1429 1023 1477 versibus
1051 1424 1378 1491 (271--27-1)
1412 1430 1755 1492 praedicanda,

73 1515 115 1562 si
155 1514 251 1562 duo
279 1513 863 1576 versus'praemisisset‚
904 1514 1048 1561 nimis
1087 1514 1450 1571 immoraretur,
1492 1514 1577 1561 sed
1612 1514 1753 1561 etiam

73 1599 278 1648 eundem
318 1599 543 1647 effectum
571 1599 760 1646 duabus
788 1598 1060 1646 rationibus
1099 1598 1226 1646 inter
1263 1613 1316 1646 se
1345 1598 1485 1646 valde
1514 1598 1756 1646 similibus

71 1683 319 1741 laudaret,
366 1683 407 1732 si
452 1683 698 1731 flammam
743 1688 793 1730 et
837 1683 897 1730 ad
944 1683 1190 1731 aetherem
1238 1683 1494 1746 pervenire
1539 1688 1587 1730 et
1624 1698 1756 1731 mare

70 1768 344 1817 transsilire
393 1768 591 1816 diceret.
666 1767 833 1830 Neque
881 1768 1063 1816 maiore
1100 1767 1446 1830 probabilitate
1485 1767 1756 1815 Ahrensius

70 1848 271 1916 (Philol.
319 1855 449 1900 1860
493 1848 749 1916 Supplem.
790 1853 825 1901 Ι.
880 1868 929 1916 p.
972 1848 1099 1916 487)
1142 1852 1277 1899 illam
1330 1852 1522 1900 laudem
1570 1853 1756 1915 primae

71 1938 295 1996 stationi,
335 1952 459 2000 quae
496 1942 691 2000 praeter
717 1952 909 1985 omnem
937 1937 1337 1999 aequabilitatem
1373 1937 1500 1984 nude
1537 1938 1755 1986 nomina-

70 2027 204 2071 retur
240 2023 486 2070 addictam
526 2023 651 2070 inter
678 2038 755 2070 vv.
788 2023 885 2071 268
916 2027 963 2070 et
991 2023 1089 2070 269
1119 2020 1352 2080 inseruit3
1389 2037 1497 2068 nam
1528 2036 1650 2083 quae
1678 2037 1754 2069 se-

71 2107 224 2155 iunxit
238 2101 469 2174 Ἐρμαῖον
489 2102 643 2163 λέπας
661 2102 666 2171 Ι
684 2101 895 2173 Λήμνου
918 2107 1042 2154 inter
1063 2121 1115 2154 se
1140 2106 1324 2169 optime
1342 2106 1616 2161 cohaerent,
1642 2120 1753 2153 con-

69 2197 145 2240 tra
165 2207 289 2255 quae
314 2192 590 2254 composuit
609 2186 819 2259 Λτζμνου
842 2230 851 2239 .
878 2230 887 2238 .
916 2191 972 2238 ἐκ
998 2187 1145 2244 νήσου
1172 2190 1488 2239 artificiosius
1517 2191 1757 2239 collocata

70 2281 251 2325 essent.
279 2276 477 2324 Rectius
499 2277 694 2338 quidem
710 2276 1078 2324 Heimsoethius
1100 2281 1213 2339 post
1227 2271 1439 2343 Λήμνου
1463 2276 1621 2323 locum
1644 2289 1754 2324 esse

68 2362 306 2410 intellexit
332 2361 545 2423 glossae,
574 2362 649 2409 cui
677 2362 723 2409 in
750 2361 843 2409 fine
870 2356 1054 2416 πεύκης
1079 2361 1271 2409 adiecit.
1327 2360 1563 2422 Equidem
1590 2365 1754 2409 tamen

72 2447 257 2506 dubito,
278 2462 339 2494 an
360 2446 446 2493 illa
465 2446 635 2508 glossa
655 2447 763 2505 huc,
788 2462 850 2493 an
873 2446 1069 2493 omnino
1092 2446 1150 2493 ad
1175 2446 1473 2508 Aeschylum
1497 2446 1753 2509 pertineat.

70 2528 321 2599 πόμπιμος
347 2532 471 2580 enirn
506 2547 601 2579 non
631 2531 787 2580 solum
817 2531 1087 2579 mittentem
1116 2536 1163 2579 et
1191 2535 1592 2593 prosequentem,
1630 2545 1753 2593 quae

69 2618 201 2664 notio
224 2623 272 2665 et
294 2616 429 2679 Sept.
450 2618 565 2664 352.
595 2618 691 2663 833
716 2619 847 2663 extat
869 2620 916 2663 et
936 2616 982 2662 in
1005 2615 1099 2663 hoc
1125 2615 1230 2663 loco
1253 2615 1314 2662 ab
1336 2615 1419 2674 iis,
1434 2616 1514 2678 qui
1536 2615 1753 2677 glossam

67 2707 359 2765 receperunt
396 2702 581 2764 requiri
617 2699 833 2757 videtur,
871 2700 956 2748 sed
993 2700 1136 2748 etiam
1173 2700 1377 2748 missum
1413 2700 1657 2763 declarat,
1703 2706 1756 2747 ut

72 2788 180 2850 ipse
202 2785 479 2848 Hesychius
504 2786 609 2833 sine
632 2784 779 2832 dubio
803 2800 858 2832 ex
881 2785 1176 2832 scholiorum
1197 2785 1257 2832 ad
1281 2800 1387 2833 eum
1414 2784 1588 2843 locum,
1612 2799 1752 2847 quem

73 2871 320 2936 excerpsit
346 2871 706 2933 adscriptorum
735 2869 1137 2933 interpretatione
1165 2870 1388 2933 explicat.
1431 2869 1603 2932 Itaque
1628 2866 1752 2936 πόμ-

70 2972 216 3024 πιμος
249 2957 328 3004 hic
368 2955 429 3003 de
464 2956 659 3002 flamma
699 2955 758 3002 ad
788 2955 973 3003 coelum
1005 2956 1186 3002 emissa
1212 2955 1411 3014 dicitur,
1440 2955 1752 3019 quemadmo-

69 3041 182 3089 dum
217 3037 494 3109 προπέμπει
534 3040 593 3088 de
631 3040 789 3087 cinere
832 3040 1014 3087 fumum
1054 3039 1307 3088 exhalante
1344 3040 1550 3102 legimus
1578 3040 1751 3101 Agam.

72 3128 186 3174 787.
236 3127 306 3174 Ea
331 3132 491 3174 autem
520 3125 922 3187 interpretatione
950 3126 1157 3188 probata
1182 3139 1275 3173 non
1305 3130 1397 3187 est,
1424 3139 1507 3172 cur
1527 3125 1679 3173 verba
1704 3125 1750 3172 in

67 3211 160 3258 hoc
198 3211 428 3273 Aeschyli
471 3210 577 3258 loco
618 3209 877 3258 inserenda
913 3217 1154 3274 putemus.
1219 3211 1336 3258 Tum
1376 3225 1491 3258 vero
1529 3210 1569 3258 si
1604 3211 1750 3259 ratio-

68 3311 175 3343 nem
213 3312 240 3343 a
280 3295 452 3343 Weilio
489 3295 760 3342 institutam
803 3300 1063 3357 sequentes
1102 3296 1225 3343 inter
1260 3310 1312 3342 se
1340 3294 1634 3358 opponimus
1662 3311 1750 3342 nu-
