2055 3589
1045 84 1112 135 44

254 262 628 330 perturbationis
656 261 798 322 signa
821 258 1096 308 certissima
1121 270 1240 318 prae
1266 269 1320 303 se
1354 254 1505 303 ferre:
1545 254 1606 302 ad
1642 253 1922 316 analogiam

254 350 395 407 enim,
431 361 553 410 quae
587 345 828 409 postulet,
863 347 915 391 ut
949 341 1148 389 nuntius
1174 340 1366 388 duobus
1393 339 1619 387 versibus
1644 353 1810 401 regem
1836 338 1951 423 adu

253 433 493 482 versarios
526 435 668 492 aptos
707 429 887 490 eligere
925 426 1115 483 iubeat,
1153 423 1411 481 accedere,
1449 423 1580 485 quod
1614 439 1661 472 v.
1690 425 1791 472 530
1827 438 1924 472 non

253 517 405 566 solum
447 516 611 578 inepte
653 516 845 575 repetat
887 512 1043 559 minas
1082 509 1470 571 Parthenopaei,
1519 508 1633 557 inde
1679 524 1710 556 a
1745 524 1791 557 v.
1822 509 1922 556 512

251 604 520 655 enarratas,
570 597 656 645 sed
695 598 838 645 etiam
876 595 1021 643 nimis
1060 593 1235 641 debilis
1274 593 1363 653 sit,
1402 595 1588 657 quippe
1626 593 1709 655 qui
1747 593 1925 651 minaS,

251 699 344 732 non
387 683 514 731 facta
550 682 792 730 timendas
829 695 940 729 esse
977 678 1201 726 affirmet.
1265 677 1438 740 Itaque
1475 678 1595 726 nihil
1636 679 1816 726 certius
1854 677 1926 725 vi-

251 769 376 828 deri,
416 782 558 830 quam
597 771 710 830 post
743 765 937 814 tertium
972 778 1165 811 versum
1203 763 1438 812 orationis
1478 778 1676 812 versum
1714 762 1925 825 aliquem

252 869 356 901 cum
415 852 607 900 nomine
655 848 1036 912 Parthenopaei,
1091 850 1140 896 et
1187 863 1233 895 v.
1276 849 1375 896 530
1425 848 1818 908 intericiendum,
1877 848 1927 895 in

255 939 346 987 fine
388 942 548 985 autem
593 952 638 983 v.
675 937 797 993 528,
848 933 1193 997 supplemento
1244 933 1514 982 orationem
1560 933 1623 981 ad
1659 933 1928 981 Partheno-

252 1038 422 1087 paeum
467 1024 723 1069 revocante
766 1023 960 1067 auctum
1005 1033 1112 1066 cum
1157 1034 1202 1065 v.
1240 1019 1338 1066 529
1389 1022 1503 1067 ante
1550 1034 1628 1066 vv.
1668 1019 1784 1067 526.
1828 1019 1926 1066 527

249 1105 688 1169 transponendum,
733 1104 942 1166 denique
985 1104 1189 1153 duorum
1234 1117 1463 1152 versuum
1498 1103 1723 1151 lacunam
1756 1106 1927 1151 notan—

251 1193 358 1240 dam
387 1205 514 1240 esse.

355 1275 452 1324 Nec
473 1281 600 1323 certe
622 1274 832 1323 dubitari
855 1279 1037 1338 potest,
1065 1274 1180 1337 quin
1207 1274 1442 1323 librorum
1470 1274 1639 1322 ordine
1667 1273 1820 1322 semel
1845 1273 1929 1322 de·

250 1369 378 1410 serto
404 1360 576 1408 audaci
611 1375 756 1407 manu
783 1374 908 1423 opus
946 1360 1029 1408 sit:
1067 1375 1180 1406 nam
1216 1359 1257 1407 si
1284 1374 1459 1408 nomen
1486 1358 1847 1421 Parthenopaei
1880 1358 1931 1406 in

249 1448 473 1508 ingressu
499 1445 774 1503 desidereS,
812 1459 868 1492 ex
902 1459 947 1492 V.
979 1446 1077 1492 528
1106 1445 1483 1504 removendum,
1524 1445 1566 1493 si
1601 1445 1651 1493 in
1685 1443 1783 1492 fine
1817 1443 1932 1492 ferri

252 1545 344 1578 non
371 1545 520 1594 posse
548 1530 744 1587 credaS,
784 1530 831 1577 in
859 1530 1047 1577 initium
1075 1529 1405 1578 revocandum
1433 1531 1538 1578 erit.
1598 1529 1694 1578 Sed
1719 1529 1932 1576 fortasse

252 1621 504 1677 utrumque
548 1615 729 1663 crimen
770 1614 924 1663 refelli
960 1614 1159 1677 poterit:
1202 1614 1252 1662 in
1285 1629 1380 1676 qua
1424 1629 1514 1678 spe
1549 1615 1628 1663 vel
1664 1627 1722 1662 eo
1759 1612 1931 1661 confir-

251 1716 452 1759 mamur,
491 1700 619 1762 quod
659 1714 853 1748 versum
890 1700 1025 1747 illum
1064 1715 1173 1748 cum
1212 1699 1406 1748 nomine
1433 1698 1796 1763 Parthenopaei
1834 1713 1932 1747 non

252 1785 473 1833 videmus
507 1784 589 1833 ubi
623 1784 772 1832 inseri
807 1785 983 1848 possit.
1056 1783 1211 1845 Quem
1245 1799 1335 1833 nec
1369 1800 1477 1834 cum
1511 1785 1783 1834 Ritschelio
1818 1790 1935 1849 post

252 1876 349 1918 tres
376 1869 561 1933 primos
584 1884 755 1918 versus
783 1870 1152 1929 collocabimuS,
1179 1885 1239 1919 ne
1266 1875 1384 1934 post
1409 1870 1672 1919 stationem
1694 1870 1933 1935 ampliore

252 1955 526 2003 narratione
561 1954 858 2018 descriptam
895 1970 1070 2004 nomen
1105 1956 1338 2018 languide
1363 1960 1667 2015 annectatur,
1701 1970 1792 2004 nec
1825 1971 1935 2004 cum

253 2039 500 2087 Dindorfio
528 2045 643 2102 post
677 2040 885 2103 primum
901 2078 912 2099 ,
948 2041 1031 2090 ubi
1058 2041 1210 2090 verba
1232 2042 1460 2108 πέμπτον
1486 2046 1535 2090 et
1558 2036 1832 2110 πέμπταισι
1858 2057 1935 2090 ar·

254 2132 365 2186 gute
393 2125 666 2187 composita
690 2124 952 2174 dirimeret.

356 2208 525 2258 Potest
549 2215 709 2258 autem
737 2210 930 2258 defendi
959 2210 1077 2259 ordo
1104 2211 1355 2271 librorum,
1380 2213 1460 2274 qui
1482 2227 1657 2261 nomen
1682 2215 1799 2275 post
1818 2212 1937 2260 ube·

254 2294 426 2342 riorem
461 2294 651 2342 demum
688 2295 1068 2358 descriptionem
1106 2297 1319 2344 hominis
1355 2297 1584 2345 exhibent
1625 2297 1816 2346 duabus
1859 2313 1937 2345 ra-

255 2379 482 2427 tionibus,
557 2379 679 2427 Nam
712 2380 1079 2430 Heimsoethius
1114 2381 1309 2444 quidem
1349 2382 1620 2442 contendit,
1666 2382 1936 2430 Partheno-

258 2479 430 2527 paeum
480 2479 655 2526 genere
713 2466 870 2514 forma
916 2471 1078 2515 aetate
1130 2467 1523 2515 commemoratis
1575 2472 1625 2516 et
1661 2467 1846 2517 Eteocli
1890 2473 1941 2516 et

259 2550 614 2611 spectatoribus
660 2551 782 2599 satis
821 2555 987 2600 notum
1032 2551 1210 2610 fuisse3
1261 2551 1311 2599 id
1358 2552 1488 2614 quod
1527 2552 1675 2601 etiam
1713 2553 1937 2602 Prienius

260 2634 352 2681 sibi
379 2640 712 2697 persuaserat,
741 2637 823 2698 qui
850 2651 1028 2685 nomen
1055 2651 1259 2700 prorsus
1287 2637 1468 2686 abiecit
1494 2643 1543 2686 et
1567 2654 1613 2687 V.
1638 2640 1736 2687 528
1766 2637 1792 2685 ὁ
1815 2654 1914 2707 παρ

260 2713 401 2765 θένω
427 2724 537 2774 παῖς
571 2721 783 2784 scripsit.
847 2721 948 2771 Nos
976 2737 1091 2772 vero
1119 2737 1216 2770 non
1245 2723 1595 2783 concedemuS,
1632 2723 1790 2771 virum
1816 2728 1939 2772 satis

258 2802 518 2851 indicatum
545 2805 694 2853 fuisse
721 2807 1049 2870 descriptione
1077 2808 1175 2855 illa.
1216 2808 1451 2857 Videmus
1478 2809 1606 2857 enim
1631 2809 1941 2872 tragoediam

261 2894 473 2935 veterum
501 2894 552 2936 ut
579 2905 665 2952 pro
693 2893 877 2955 populo
905 2893 1134 2942 universo
1161 2900 1209 2942 et
1233 2894 1531 2943 eruditorum
1559 2900 1608 2943 et
1632 2895 1938 2943 indoctorum

259 2973 501 3021 hominum
529 2980 752 3036 agentem
770 3015 780 3035 ,
809 2978 912 3027 sive
937 2983 1072 3028 actor
1099 2979 1320 3043 prodeat,
1350 2980 1454 3028 sive
1480 2981 1627 3029 homo
1655 2980 1832 3042 aliquis
1859 2981 1936 3028 vel

261 3057 591 3108 nobilissimus
627 3062 948 3112 nominandus
986 3065 1074 3124 sit,
1114 3079 1355 3128 nusquam
1381 3067 1665 3115 obscuriore
1693 3065 1937 3128 significa-

262 3144 416 3202 tione,
455 3144 543 3193 sed
582 3159 778 3210 semper
813 3155 981 3211 aperto
1021 3151 1216 3199 nomine
1257 3152 1348 3210 uti;
1392 3151 1530 3200 cuius
1569 3150 1938 3200 consuetudinis
