2055 3589
862 85 926 136 47

61 256 302 305 tissimam
329 256 471 317 (432.
500 259 618 306 461.
650 259 765 307 606.
795 256 918 318 656)
940 274 970 305 a
995 260 1163 307 nuntio
1183 274 1281 307 non
1301 259 1422 308 nihil
1444 261 1736 322 Argivorum

63 341 220 404 copiis
245 342 503 404 perterrito
530 341 738 390 alienam
766 356 892 391 esse.

169 424 304 473 Idem
333 440 446 473 vero
473 425 755 475 Dindorfius
781 441 1075 489 responsum
1101 428 1231 489 regis
1259 428 1478 482 mutilum
1505 443 1615 477 esse
1641 429 1738 477 iam

62 509 251 572 pridem
267 510 598 569 contenderat,
621 511 761 572 eique
783 511 958 559 deinde
973 510 1194 560 Prienius
1210 512 1506 562 Ritschelius
1523 514 1737 562 Keckius

62 598 398 643 assenserunt.
437 594 793 643 Desideravere
816 596 943 644 enim
971 596 1241 644 subiectum
1261 598 1519 646 verborum
1544 593 1738 665 τύχοιεν

62 682 111 724 et
125 683 369 746 φρονοῦσι,
390 693 587 727 versum
605 681 697 727 531
728 695 844 728 sane
861 695 916 728 ex
939 680 1172 728 librorum
1193 681 1436 744 scriptura
1451 686 1568 730 etex
1588 683 1736 731 inter-

63 762 335 824 pretatione
356 762 734 825 Byzantinorum
761 764 1038 825 significare
1058 765 1317 813 voluerunt
1343 766 1403 814 ‘si
1428 767 1538 814 istis
1565 763 1735 830 [ipsis]

64 847 427 908 contingerent,
471 861 594 910 quae
635 842 704 911 [in
743 844 849 912 nos]
890 847 1142 910 cogitant'‚
1188 863 1391 912 eamque
1429 852 1736 910 sententiam,

59 931 189 992 quod
213 926 404 998 τύχοιεν
425 946 521 979 non
545 932 816 981 declararet
832 933 907 980 ‘iis
925 934 1290 996 contingerent’,
1313 933 1399 982 sed
1417 935 1736 998 ‘potirentur'3

63 1014 192 1076 quod
216 1019 266 1063 et
290 1013 432 1062 αὐτοὶ
453 1020 502 1063 et
527 1016 593 1072 εἰς
617 1016 746 1084 ’ἡμᾶς
771 1018 996 1077 abesset3
1026 1019 1152 1081 quod
1174 1019 1412 1082 apodosis
1439 1020 1555 1067 ‘tum
1581 1020 1737 1068 fundi-

59 1104 138 1148 tus
166 1100 395 1163 perirent'
429 1100 550 1148 nihil
577 1101 672 1149 nisi
700 1103 921 1164 protasin
948 1107 1219 1166 repeteret,
1255 1104 1519 1152 absurdam
1554 1119 1664 1153 esse
1691 1109 1739 1153 et

59 1185 261 1233 lacunae
288 1186 469 1233 indicia
493 1201 612 1248 prae
643 1201 695 1234 se
722 1188 847 1235 ferre
873 1187 1253 1236 affirmaverunt.
1316 1189 1564 1237 Accedere
1591 1190 1736 1237 etiam

59 1285 103 1317 v.
133 1272 232 1318 532
269 1285 360 1317 nec
394 1271 455 1318 ad
493 1271 836 1333 praecedentia
874 1286 964 1318 nec
1000 1271 1061 1318 ad
1102 1273 1357 1334 sequentia
1394 1274 1735 1336 pertinentem,

57 1354 188 1416 quod
214 1353 385 1402 vitium
412 1360 575 1402 tamen
603 1371 647 1402 v.
678 1357 775 1403 533
805 1371 835 1402 a
858 1356 1202 1405 Doederleinio
1229 1363 1340 1405 ante
1369 1359 1468 1405 532
1497 1358 1735 1406 collocato

57 1444 284 1487 sanatum
323 1444 442 1489 erat.
506 1440 676 1502 Itaque
702 1440 1000 1488 Ritschelius
1035 1457 1081 1489 v.
1111 1443 1204 1489 531
1247 1443 1485 1504 reliquum
1513 1458 1624 1491 esse
1650 1458 1734 1490 vo-

56 1523 147 1571 luit
188 1539 243 1571 ex
282 1524 502 1586 longiore
548 1525 880 1587 praefatione,
929 1540 1025 1587 qua
1059 1541 1143 1574 rex
1176 1542 1206 1573 a
1238 1526 1613 1590 Parthenopaeo
1654 1543 1732 1575 ex-

57 1622 199 1656 orsus
232 1609 515 1657 transiisset
550 1609 611 1656 ad
646 1610 928 1658 universam
965 1610 1159 1673 culpam
1192 1611 1407 1660 hostium
1441 1617 1488 1660 et
1515 1613 1576 1660 ad
1603 1613 1735 1660 auxi-

55 1692 173 1740 lium
201 1693 400 1740 deorum
429 1698 562 1741 certa
587 1693 767 1742 fiducia
793 1695 1114 1757 sperandum3
1144 1697 1273 1743 ‘nam
1301 1696 1341 1743 si
1363 1696 1445 1744 isti
1471 1713 1501 1744 a
1527 1697 1620 1744 diis
1647 1697 1734 1743 im-

56 1781 328 1840 petrarent,
358 1793 482 1840 quae
509 1780 557 1825 in
584 1779 745 1827 animo
772 1779 978 1838 habent,
1018 1773 1110 1843 [dii
1132 1781 1311 1828 iniuste
1337 1781 1566 1829 facerent.
1630 1781 1733 1829 Iam

55 1876 171 1910 vero
212 1877 319 1910 cum
363 1863 410 1909 in
456 1863 594 1925 ipsos
635 1863 752 1912 deos
793 1858 1018 1927 peccent]
1065 1864 1175 1912 istis
1220 1865 1363 1913 minis
1407 1866 1733 1924 iactabundiS,

54 1947 271 1995 funditus
311 1944 574 2010 peribunt’.
638 1947 852 1996 Keckius
895 1953 1091 1997 secutus
1127 1955 1217 2009 est,
1258 1951 1346 1998 sed
1382 1967 1459 1999 vv.
1488 1953 1603 1999 529.
1634 1953 1733 1998 530

55 2047 114 2079 ex
139 2033 358 2080 oratione
386 2033 542 2080 nuntii
566 2033 662 2080 huc
686 2033 870 2082 relatis.
935 2032 1215 2082 Dindorfius
1242 2040 1404 2083 autem
1438 2049 1593 2097 nuper
1619 2037 1732 2082 531.

56 2117 154 2164 532
182 2131 387 2179 prorsus
415 2117 571 2165 eiecit.

163 2203 324 2263 Atque
351 2203 571 2264 profecto
605 2204 647 2250 si
681 2219 724 2250 v.
750 2204 842 2250 531
877 2203 1178 2264 significaret
1204 2203 1261 2252 ‘si
1294 2205 1354 2251 iis
1383 2205 1732 2266 contingerent,

54 2300 180 2348 quae
211 2288 417 2348 optant',
454 2302 561 2335 cum
597 2288 828 2336 universa
863 2289 1106 2336 sententia
1130 2293 1230 2336 tum
1257 2289 1374 2337 illud
1403 2287 1604 2336 ὀλοίατο
1633 2292 1730 2337 533

52 2370 318 2419 absurdum
348 2377 505 2420 esset:
543 2373 670 2434 quod
697 2378 861 2420 tamen
889 2374 970 2435 qui
997 2373 1044 2420 in
1073 2369 1312 2440 ὀλοίμεθα
1337 2375 1542 2422 mutavit
1568 2373 1731 2422 Heim-

55 2456 276 2504 soethius
305 2471 395 2505 nec
422 2458 744 2520 probabiliter
768 2458 975 2506 mutavit
1001 2462 1049 2506 et
1083 2459 1373 2506 sententiam
1409 2459 1554 2522 plane
1588 2459 1730 2507 inuti-

51 2539 149 2588 lem
177 2540 341 2589 intulit
365 2543 510 2590 hanc:
546 2541 607 2590 ‘si
632 2543 951 2605 impetrarent
976 2543 1104 2604 quod
1132 2543 1323 2601 volunt,
1358 2543 1574 2592 funditus
1602 2545 1729 2608 peri·

50 2621 248 2673 remus'.
312 2625 431 2673 Mihi
457 2642 572 2675 vero
600 2626 825 2674 Eteocles
853 2627 996 2688 plane
1023 2627 1155 2675 aliud
1183 2628 1342 2676 dicere
1369 2628 1589 2677 videtur:
1621 2630 1729 2677 ‘uti-

50 2723 162 2755 nam
190 2705 250 2772 (εἰ
275 2706 367 2776 γὰρ
402 2715 455 2758 ut
491 2711 650 2758 Prom.
682 2711 800 2770 152)
827 2712 1091 2759 voluntatis
1129 2712 1307 2775 impiae
1335 2712 1627 2772 [mercedem
1656 2714 1730 2762 di-

51 2792 217 2853 gnam]
254 2809 283 2840 a
316 2793 412 2842 diis
445 2795 747 2856 acciperent!
782 2800 884 2842 tum
922 2800 1051 2844 certe
1086 2797 1304 2845 funditus
1340 2796 1584 2860 perirent'.
1655 2798 1732 2847 Ita

50 2877 192 2925 video
214 2879 358 2926 etiam
381 2878 704 2941 Hartungium
731 2881 952 2939 vertisse,
974 2881 1044 2928 ita
1062 2882 1159 2929 iam
1180 2882 1448 2932 scholiasta
1467 2883 1728 2943 Mediceus‚

50 2975 191 3023 quem
232 2979 347 3026 pars
384 2962 762 3025 Byzantinorum
802 2966 1048 3027 sequitur,
1095 2967 1444 3030 interpretatus
1480 2973 1579 3016 est:
1626 2964 1728 3015 εἴθε

50 3041 144 3113 γὰρ
163 3042 297 3114 πάροι
316 3043 446 3094 θεῶν
465 3044 659 3115 τύχοιεν
680 3038 886 3105 ἐπαξίως
911 3040 976 3095 ὧν
998 3055 1248 3117 φρονοῦσιν
1269 3050 1488 3111 ἀνοσίων,
1515 3052 1600 3100 tali
1628 3052 1727 3101 fere

50 3135 164 3178 voto
194 3132 341 3180 etiam
378 3132 576 3180 chorum
620 3128 744 3196 (εἴθε
783 3130 876 3202 γὰρ
916 3133 1025 3182 κτλ.
1065 3151 1105 3181 v.
1147 3135 1270 3198 547)
1308 3137 1537 3185 accedere
1573 3136 1725 3184 videri
