2055 3589
66 414 167 460 844
205 410 431 459 lacunam
468 413 714 458 statuente
749 422 848 455 non
885 409 1099 453 mutatus
1143 405 1224 463 sit,
1258 403 1562 466 respondere
1601 402 1755 451 voluit

67 495 340 543 orationem
379 494 582 542 alteram
623 507 729 540 cum
768 491 992 539 versibus
1036 488 1412 550 stichomythiae
1446 480 1753 549 insequentis

68 579 405 634 coniunctam.
439 577 547 626 Non
575 578 701 625 enim
730 576 924 623 differre
952 578 1109 622 utrum
1139 587 1314 621 versus
1341 571 1654 634 periodorum
1678 585 1754 618 re-

66 663 415 726 spondentium
456 661 761 709 orationibus
801 660 945 707 unius
984 671 1226 721 personae
1271 671 1330 703 an
1371 656 1583 719 plurium
1623 669 1753 702 com-

66 747 448 810 prehendantur,
475 760 532 794 ex
557 745 714 793 tribus
741 744 967 792 versibus
996 741 1298 791 commaticis
1325 739 1459 802 Sept.
1483 740 1750 787 199—201

65 831 194 880 inter
217 831 492 891 Eteoclem‚
521 830 748 887 chorum,
777 828 1027 876 Eteoclem
1054 826 1228 874 divisis
1256 838 1515 888 apparere.
1568 823 1635 870 At
1659 823 1758 870 iam

66 915 378 964 Hermannus
406 915 467 962 ad
495 914 632 961 illum
659 913 819 960 locum
847 911 1129 970 adnotavit,
1163 911 1292 973 hanc
1326 908 1654 957 turbationem
1682 922 1757 955 or-

48 1000 198 1048 ‘dinis
218 1014 276 1048 eo
299 999 537 1059 excusari,
565 998 691 1060 quod
720 1011 890 1045 versus
914 995 1193 1058 coryphaeo
1216 994 1429 1042 tributus
1451 1006 1550 1040 non
1569 993 1759 1053 integer

69 1085 155 1145 sit3
199 1084 391 1132 accedit
434 1087 595 1130 autem
642 1081 770 1144 quod
812 1085 912 1128 tres
953 1080 1025 1127 illi
1064 1093 1239 1128 versus
1279 1077 1576 1125 carminibus
1615 1075 1760 1123 cincti

67 1173 239 1232 aperte
265 1169 314 1216 in
343 1184 489 1215 unum
517 1180 695 1228 corpus
726 1160 1055 1225 coniungendi
1084 1168 1221 1221 sunt,
1259 1177 1366 1209 cum
1402 1162 1451 1208 in
1479 1159 1758 1208 Eumenidi-

67 1253 162 1300 bus
197 1252 335 1299 locus
375 1251 782 1311 stichomythicus
818 1249 1103 1312 quaestione
1139 1246 1419 1304 claudatur,
1457 1260 1582 1307 quae
1618 1259 1648 1291 a
1682 1257 1756 1291 se-

67 1336 235 1398 quenti
275 1335 494 1384 oratione
532 1349 828 1398 responsum
869 1333 1149 1381 continente
1188 1331 1268 1378 vix
1312 1331 1476 1392 possit
1517 1327 1758 1377 abscindi.

68 1419 241 1482 Itaque
259 1420 462 1467 Weilius
482 1420 628 1467 aliam
659 1433 861 1481 eamque
889 1418 1200 1465 audaciorem
1220 1415 1351 1463 viam
1378 1414 1635 1475 ingressus
1663 1417 1762 1460 est:

71 1505 319 1552 orationes
345 1520 376 1552 a
395 1505 614 1552 Minerva
640 1504 938 1552 carminibus
966 1502 1185 1549 adiectas
1209 1500 1486 1548 834—856
1515 1503 1563 1546 et
1591 1499 1762 1545 868—-

74 1591 172 1638 878
204 1589 350 1638 sedes
386 1594 575 1637 mutare
609 1589 778 1647 iussit,
815 1602 998 1649 easque
1034 1601 1163 1633 nova
1198 1584 1402 1647 periodo
1437 1588 1553 1645 post
1584 1597 1631 1632 V.
1663 1584 1762 1630 844

71 1673 353 1736 incipienda
378 1674 625 1735 aequavit.
685 1674 751 1721 At
783 1672 913 1734 quod
948 1671 1065 1718 dicit
1090 1685 1198 1717 eam
1226 1669 1472 1716 Minervae
1500 1667 1763 1714 dictionem

71 1757 437 1820 (Sos—878),
474 1772 596 1819 quae
632 1757 906 1805 accuratius
944 1755 1079 1803 chori
1102 1754 1270 1802 verba
1301 1752 1561 1816 respiciat,
1601 1751 1762 1798 minus

70 1847 187 1906 apte
215 1848 330 1905 post
354 1844 556 1890 iteratas
585 1858 728 1904 quam
757 1846 870 1903 post
897 1840 1088 1902 priores
1118 1838 1374 1886 Furiarum
1401 1836 1628 1898 querelas
1665 1835 1762 1884 col-

72 1927 241 1985 locari,
270 1942 366 1975 non
395 1927 518 1975 satis
546 1941 724 1975 causae
747 1934 846 1973 est:
875 1940 986 1972 nam
1009 1924 1155 1971 etiam
1178 1938 1235 1970 ex
1257 1922 1419 1985 priore
1441 1921 1648 1983 stropha
1666 1933 1764 1967 non

73 2012 308 2074 pauciora
332 2016 622 2074 repetuntur
646 2012 698 2062 in
724 2011 878 2058 altera
904 2008 1125 2057 oratione
1152 2007 1401 2054 Minervae
1430 2000 1617 2071 (ἄτιμοι
1646 2006 1762 2062 810,

74 2083 300 2152 ὃύςκηλιν
323 2099 439 2156 811,
469 2092 685 2159 ἐκβάλῃς
707 2090 826 2158 816)
856 2109 1000 2155 quam
1028 2093 1076 2140 in
1104 2092 1263 2154 prima
1291 2086 1459 2155 (βαρὺν
1480 2086 1628 2135 κίτον
1646 2089 1764 2144 789,

73 2177 249 2246 ἀτιμία
289 2183 413 2238 785,
461 2175 835 2248 mammiaco-1
877 2181 902 2225 7
912 2173 1021 2241 91);
1068 2177 1265 2224 omnino
1305 2180 1468 2222 autem
1507 2174 1557 2220 in
1591 2177 1766 2234 quarta

73 2266 292 2314 oratione
327 2265 479 2312 verba
515 2261 632 2331 πρὸς
666 2258 906 2330 νεωτέρας
943 2260 1062 2328 ἐμοῦ
1100 2257 1213 2316 θεὸς
1247 2255 1443 2306 παλαια
1478 2256 1559 2304 καὶ
1593 2256 1764 2303 πολισ-

73 2346 264 2417 σούχων
286 2347 474 2417 βροτῶν
497 2351 594 2397 869
617 2363 714 2396 non
736 2349 795 2395 ad
819 2349 1025 2395 alteram
1047 2346 1317 2408 stropham,
1347 2343 1436 2392 sed
1461 2342 1520 2390 ad
1551 2341 1765 2404 priorem

75 2428 167 2498 (Ἰὼ
195 2431 301 2481 θεοὶ
328 2431 576 2501 νεώτεροι,
611 2429 854 2488 παλαιςιὺς
880 2428 1057 2495 νόμους
1087 2433 1184 2477 770
1214 2434 1262 2477 et
1287 2427 1514 2496 γελῶμαι
1539 2423 1765 2480 πολίταις

77 2515 195 2581 780)
222 2518 452 2578 redeunt3
480 2519 690 2580 denique
719 2523 892 2580 quarta
920 2516 1092 2572 oratio,
1130 2529 1253 2576 quae
1282 2518 1357 2560 est
1382 2512 1554 2559 ultima
1579 2510 1765 2572 optime

72 2603 249 2667 incipit
268 2604 432 2652 verbis
461 2600 598 2650 οὔτοι
624 2606 894 2669 καμοῧμαι.
934 2601 1114 2648 Verum
1134 2614 1196 2646 ne
1218 2597 1548 2645 assentientes
1569 2594 1765 2656 quidem

73 2688 449 2749 responsionem
479 2688 677 2749 planam
704 2687 1030 2734 lucraremur:
1059 2699 1171 2730 nam
1199 2682 1327 2744 quod
1345 2679 1548 2728 Weilius
1569 2693 1765 2726 versum

78 2772 176 2820 845
195 2785 334 2833 seqq.
356 2787 385 2818 a
405 2771 813 2832 praecedentibus
841 2769 1046 2826 divellit,
1073 2768 1219 2829 plane
1247 2765 1430 2813 nullam
1459 2778 1659 2812 causam
1679 2763 1766 2809 ha-

76 2856 175 2915 bet,
216 2871 323 2903 cum
349 2856 523 2903 incisio
551 2856 593 2903 si
621 2869 717 2916 qua
742 2855 789 2901 in
817 2854 911 2901 hoc
937 2853 1044 2900 loco
1074 2851 1336 2899 statuenda
1362 2855 1438 2897 est
1464 2849 1627 2910 potius
1654 2852 1766 2894 ante

77 2941 237 3004 prima
263 2941 445 3003 placati
473 2940 608 2987 chori
634 2939 787 2987 verba
813 2938 971 2996 cadat.
1022 2937 1193 2997 Itaque
1222 2922 1339 2983 mihi
1365 2935 1558 2982 videtur
1581 2933 1667 2978 illa
1693 2931 1765 2978 ul-

77 3025 226 3073 timae
261 3025 498 3073 orationis
534 3025 737 3072 libertas
764 3038 910 3085 quam
938 3037 1089 3083 supra
1112 3021 1160 3068 in
1194 3016 1245 3084 1>
1273 3019 1497 3081 exemplo
1524 3016 1765 3064 inveneri-

80 3123 186 3157 mus
213 3110 360 3157 etiam
384 3109 498 3156 huic
523 3108 631 3156 loco
660 3107 976 3155 concedenda
1003 3120 1130 3153 esse.

182 3191 242 3241 In
278 3194 356 3242 his
394 3194 544 3255 igitur
583 3207 760 3240 novem
797 3190 1035 3252 exemplis
1071 3188 1319 3252 oppositio
1354 3187 1681 3235 trimetrorutn
1720 3189 1769 3232 et

80 3278 348 3325 carminum
375 3293 464 3340 per
489 3277 656 3339 plures
683 3276 915 3338 strophas
942 3274 1287 3334 orationesque
1310 3271 1643 3328 continuatur3
1671 3269 1767 3316 iam

1374 3349 1430 3390 ραι
