2055 3589
1077 128 1108 178 2

246 303 306 351 de
331 316 383 351 re
408 302 472 350 ad
497 306 650 350 artem
673 305 927 364 poetarum
949 302 1334 364 intellegendam
1354 315 1509 364 aeque
1529 306 1675 366 atque
1695 304 1757 352 ad
1779 319 1932 367 opera

246 386 549 436 emendanda
585 386 878 447 gravissima
911 387 1172 448 inquirere.
1233 385 1390 447 Quam
1425 388 1763 448 quaestionem
1796 390 1930 452 equi-

246 471 355 519 dem
380 471 615 529 tractabo,
645 476 885 533 quatenus
913 470 975 518 ad
1000 467 1317 536 Aeschylum
1337 471 1567 534 pertinet,
1593 479 1790 535 poetam
1812 489 1930 538 prae

245 555 416 604 ceteris
451 555 652 616 tragicis
689 556 1011 619 suspitionem
1051 556 1259 604 diverbii
1297 557 1464 618 lyricis
1498 557 1772 608 rationibus
1800 574 1930 608 com-

243 639 455 703 ponendi
483 634 782 700 moventem,
823 642 1003 703 quippe
1040 641 1123 702 qui
1160 646 1208 688 et
1234 642 1379 704 copia
1405 643 1674 691 carminum
1700 645 1930 694 artificio-

243 726 466 786 siorcque
507 725 676 772 ordine
712 725 1025 788 stropharum
1061 726 1269 774 maxime
1311 727 1516 775 excellat
1551 732 1599 775 et
1635 729 1930 778 carminibus

242 811 367 858 inter
394 810 639 858 orationes
665 809 941 858 inserendis
969 825 997 857 a
1024 811 1269 860 severiore
1296 812 1584 874 tragoediae
1613 813 1785 873 forma,
1813 829 1930 876 qua-

242 895 302 944 lis
331 912 417 959 per
443 896 736 959 Sophoclem
764 896 974 943 obtinuit
1000 896 1304 958 aliquantum
1337 897 1624 955 abhorreat3
1664 913 1759 960 quo
1794 914 1931 948 acce-

244 982 314 1029 dit
348 981 477 1044 quod
515 981 803 1043 simplicitas
839 983 1114 1041 argumenti
1152 983 1515 1045 immobilisque
1550 983 1781 1046 colloquii
1818 999 1931 1047 pro-

243 1081 467 1128 gressuS,
504 1081 648 1128 quem
683 1066 732 1112 in
765 1065 850 1114 illo
885 1066 1134 1126 inveniaS,
1175 1068 1217 1114 si
1252 1082 1360 1114 cum
1386 1068 1744 1130 posterioribus
1770 1071 1931 1131 poetis

243 1166 520 1214 compares,
556 1150 894 1199 artificiosiore
930 1151 1085 1200 forma
1120 1157 1495 1215 compensatus,
1534 1153 1653 1214 quin
1690 1153 1836 1201 etiam
1863 1154 1930 1201 ef·

242 1237 397 1284 fectus
425 1251 535 1284 esse
567 1235 722 1284 videri
752 1236 928 1299 possit.
979 1236 1170 1286 Etenim
1193 1239 1286 1285 iam
1310 1238 1445 1286 fuere
1464 1238 1546 1300 qui
1568 1238 1702 1285 illam
1724 1237 1973 1286 diverbiiffi

243 1321 637 1383 aequabilitatem
665 1321 994 1384 Aeschyleam
1022 1323 1098 1371 vel
1133 1324 1183 1370 in
1209 1323 1491 1371 universum
1522 1323 1598 1371 vel
1626 1323 1834 1384 singulis
1861 1323 1931 1371 lo-

242 1408 311 1454 cis
348 1407 615 1470 expromtis
651 1407 977 1467 illustrarent,
1013 1414 1160 1470 atque
1197 1424 1255 1456 ex
1288 1409 1366 1456 his
1409 1408 1604 1470 quidem
1641 1407 1931 1456 Heilandius

240 1492 517 1540 laudandus
563 1496 662 1551 est,
717 1492 798 1554 qui
842 1492 890 1540 in
939 1498 1303 1556 programmate
1350 1492 1661 1545 Stendalensi
1705 1508 1748 1540 a.
1801 1494 1931 1542 1855

242 1578 463 1640 exempla
491 1577 859 1640 copiosissima,
897 1578 1041 1642 plura
1074 1584 1239 1626 tamen
1267 1593 1324 1627 ex
1350 1578 1594 1642 Sophocle
1623 1583 1671 1626 et
1696 1578 1933 1641 Euripide

241 1664 397 1726 petita
421 1663 636 1711 breviter
661 1663 920 1722 indicavit,
949 1664 1235 1712 novissimis
1263 1669 1427 1712 autem
1447 1664 1754 1731 temporibus
1777 1662 1934 1711 extitit

240 1749 322 1810 qui
349 1753 504 1796 totum
531 1748 805 1796 diverbium
832 1749 1067 1811 Aeschyli
1097 1749 1370 1797 rationibus
1406 1762 1719 1796 numerorum
1753 1762 1931 1810 aequa-

241 1834 421 1882 bilibus
449 1833 721 1881 vindicaret
745 1832 807 1881 H.
829 1833 1049 1894 Weilius,
1078 1849 1185 1882 cum
1211 1835 1259 1881 in
1286 1834 1474 1896 aliquot
1501 1833 1931 1882 dissertationibus

243 1915 566 1979 (Jahrbiicher
599 1918 675 1966 fiir
708 1918 883 1968 Philol.
911 1919 1011 1966 und
1038 1918 1223 1981 Padag.
1264 1918 1434 1980 Jahrg.
1469 1921 1598 1968 1859
1634 1918 1723 1967 Bd.
1755 1920 1846 1973 79;
1882 1918 1933 1965 in

242 2005 405 2053 libello
443 2003 530 2052 ‘de
565 2004 613 2051 la
648 2004 976 2068 composition
1013 2005 1312 2068 symetrique
1349 2005 1414 2052 du
1449 2004 1676 2066 dialogue
1709 2004 1834 2052 dans
1859 2003 1932 2051 les

242 2087 489 2151 tragedies
532 2089 831 2151 d'Eschyle',
878 2090 1089 2152 repetito
1131 2105 1188 2136 ex
1229 2089 1452 2137 ‘Journal
1491 2087 1691 2153 general
1731 2089 1791 2137 de
1828 2089 1932 2136 l’in-

244 2176 477 2224 struction
507 2170 782 2238 publique‘3
812 2174 989 2222 deinde
1017 2189 1046 2222 a
1071 2173 1256 2222 Keckio
1284 2175 1456 2222 Jahrb.
1484 2174 1564 2236 Jg.
1594 2176 1725 2222 1860
1755 2173 1844 2222 Bd.
1868 2175 1930 2222 81

242 2261 588 2323 reprehensuS,
616 2259 797 2308 ibidem
825 2259 905 2322 Jg.
936 2261 1060 2308 1861
1093 2259 1181 2307 Bd.
1208 2258 1325 2319 83),
1365 2264 1468 2306 tum
1495 2259 1543 2307 in
1573 2259 1788 2307 editione
1816 2257 1932 2306 Ore·

244 2350 393 2394 steae.
453 2344 667 2406 Quorum
703 2345 919 2393 virorum
953 2345 1154 2392 inventa
1190 2344 1534 2406 doctrinasque
1577 2359 1665 2392 suo
1693 2358 1934 2406 quamque

245 2430 349 2477 loco
379 2431 453 2478 vel
481 2431 758 2479 assentiens
786 2430 864 2478 vel
890 2430 974 2477 ubi
1001 2430 1347 2492 displicuerint
1372 2429 1536 2477 causis
1567 2443 1781 2490 arguens
1813 2428 1933 2476 affe-

245 2530 362 2562 ram.
406 2514 521 2563 Utar
548 2520 710 2564 autem
737 2515 951 2563 editione
978 2514 1357 2563 Hermanniana.

352 2600 452 2647 lam
474 2601 684 2663 primum
706 2601 969 2663 quaeritur,
998 2596 1312 2665 quibusnam
1332 2595 1624 2646 rationibus
1646 2593 1933 2646 diver-bium

249 2682 533 2746 (lividatur,
559 2691 610 2732 ut
636 2691 804 2748 partes
832 2691 1113 2744 nascantur,
1144 2700 1267 2747 quae
1294 2685 1420 2732 inter
1441 2699 1493 2732 se
1515 2683 1702 2746 opponi
1724 2683 1932 2746 possint.

248 2768 404 2829 Quam
440 2771 751 2832 partitionem
785 2771 997 2819 fortasse
1034 2771 1125 2818 erit
1150 2771 1232 2832 qui
1259 2770 1472 2818 externis
1501 2769 1795 2831 quibusdam
1824 2783 1934 2816 cau·

250 2854 317 2901 sis
368 2853 586 2901 effectam
638 2854 905 2903 existimet:
960 2854 1420 2903 instrumentorum
1468 2869 1617 2902 sonos
1667 2859 1935 2918 motusque

249 2944 484 2986 actorum
511 2939 634 2996 dico,
664 2941 744 3001 qui
771 2941 915 2989 certis
943 2941 1215 2988 intervallis
1244 2940 1439 3004 repetiti
1475 2955 1680 3002 corpora
1705 2953 1934 2987 versuum

249 3024 472 3086 aequalia
498 3029 665 3071 notare
694 3026 955 3086 potuerint.
1006 3025 1199 3073 Scimus
1227 3027 1354 3073 enim
1383 3041 1441 3073 ex
1466 3024 1704 3083 Luciano,
1733 3024 1793 3071 de
1820 3023 1930 3072 salt.

252 3122 291 3154 c.
321 3108 527 3170 XXVII,
567 3109 807 3156 interdum
835 3111 1080 3158 trimetros
1110 3116 1332 3158 cantatos
1360 3126 1487 3170 esse,
1515 3114 1563 3157 et
1588 3124 1646 3157 ex
1671 3108 1932 3156 Plutarcho

252 3191 311 3239 de
338 3208 460 3241 mus.
488 3193 789 3251 c.XXV1H‚
824 3177 1036 3255 tragicos
1074 3195 1123 3243 id
1155 3196 1218 3243 ab
1247 3195 1542 3244 Archilocho
1569 3194 1847 3257 recepisse,
1880 3198 1934 3242 ut
