<?xml version="1.0" encoding="UTF-8"?>
<!DOCTYPE html PUBLIC "-//W3C//DTD XHTML 1.0 Transitional//EN"
    "http://www.w3.org/TR/xhtml1/DTD/xhtml1-transitional.dtd">
<html xmlns="http://www.w3.org/1999/xhtml" xml:lang="en" lang="en">
 <head>
  <title>
</title>
<meta http-equiv="Content-Type" content="text/html;charset=utf-8" />
  <meta name='ocr-system' content='tesseract 3.04.00' />
  <meta name='ocr-capabilities' content='ocr_page ocr_carea ocr_par ocr_line ocrx_word'/>
</head>
<body>
  <div class='ocr_page' id='page_1' title='image "./deresponsionibus00martuoft_0031.png"; bbox 0 0 2055 3589; ppageno 0'>
   <div class='ocr_carea' id='block_1_1' title="bbox 776 245 1049 251">
    <p class='ocr_par' dir='ltr' id='par_1_1' title="bbox 776 245 1049 251">
     <span class='ocr_line' id='line_1_1' title="bbox 776 245 1049 251; baseline 0 0"><span class='ocrx_word' id='word_1_1' title='bbox 776 245 1049 251; x_wconf 95' lang='lat' dir='ltr'> </span> 
     </span>
    </p>
   </div>
   <div class='ocr_carea' id='block_1_2' title="bbox 51 512 1792 3281">
    <p class='ocr_par' dir='ltr' id='par_1_2' title="bbox 51 512 1792 1926">
     <span class='ocr_line' id='line_1_2' title="bbox 204 512 1786 576; baseline -0.003 -13"><span class='ocrx_word' id='word_1_2' title='bbox 204 515 455 564; x_wconf 84' lang='lat' dir='ltr'>Habemus</span> <span class='ocrx_word' id='word_1_3' title='bbox 482 515 632 576; x_wconf 85' lang='lat' dir='ltr'>igitur</span> <span class='ocrx_word' id='word_1_4' title='bbox 656 515 900 563; x_wconf 81' lang='lat' dir='ltr'>actionem</span> <span class='ocrx_word' id='word_1_5' title='bbox 924 513 1305 574; x_wconf 86' lang='lat' dir='ltr'>tragoediarum,</span> <span class='ocrx_word' id='word_1_6' title='bbox 1334 527 1458 574; x_wconf 88' lang='lat' dir='ltr'>quae</span> <span class='ocrx_word' id='word_1_7' title='bbox 1485 512 1626 574; x_wconf 82' lang='lat' dir='ltr'>ipsae</span> <span class='ocrx_word' id='word_1_8' title='bbox 1651 512 1786 560; x_wconf 86' lang='lat' dir='ltr'>trilo-</span> 
     </span>
     <span class='ocr_line' id='line_1_3' title="bbox 99 596 1788 662; baseline -0.002 -15"><span class='ocrx_word' id='word_1_9' title='bbox 99 600 286 662; x_wconf 90' lang='lat' dir='ltr'>giarum</span> <span class='ocrx_word' id='word_1_10' title='bbox 320 603 488 662; x_wconf 89' lang='lat' dir='ltr'>partes</span> <span class='ocrx_word' id='word_1_11' title='bbox 524 603 660 655; x_wconf 87' lang='lat' dir='ltr'>sunt,</span> <span class='ocrx_word' id='word_1_12' title='bbox 699 599 777 646; x_wconf 82' lang='lat' dir='ltr'>vel</span> <span class='ocrx_word' id='word_1_13' title='bbox 813 598 982 646; x_wconf 89' lang='lat' dir='ltr'>metris</span> <span class='ocrx_word' id='word_1_14' title='bbox 1018 596 1163 646; x_wconf 90' lang='lat' dir='ltr'>simul</span> <span class='ocrx_word' id='word_1_15' title='bbox 1199 610 1307 644; x_wconf 91' lang='lat' dir='ltr'>cum</span> <span class='ocrx_word' id='word_1_16' title='bbox 1343 611 1665 660; x_wconf 84' lang='lat' dir='ltr'>personarum</span> <span class='ocrx_word' id='word_1_17' title='bbox 1701 596 1788 644; x_wconf 91' lang='lat' dir='ltr'>ad-</span> 
     </span>
     <span class='ocr_line' id='line_1_4' title="bbox 98 680 1789 745; baseline -0.002 -12"><span class='ocrx_word' id='word_1_18' title='bbox 98 688 247 733; x_wconf 89' lang='lat' dir='ltr'>ventu</span> <span class='ocrx_word' id='word_1_19' title='bbox 273 683 594 744; x_wconf 90' lang='lat' dir='ltr'>discessuque</span> <span class='ocrx_word' id='word_1_20' title='bbox 620 682 821 730; x_wconf 88' lang='lat' dir='ltr'>mutatis</span> <span class='ocrx_word' id='word_1_21' title='bbox 850 681 927 730; x_wconf 89' lang='lat' dir='ltr'>vel</span> <span class='ocrx_word' id='word_1_22' title='bbox 955 681 1183 745; x_wconf 89' lang='lat' dir='ltr'>personis</span> <span class='ocrx_word' id='word_1_23' title='bbox 1216 684 1405 728; x_wconf 86' lang='lat' dir='ltr'>tantum</span> <span class='ocrx_word' id='word_1_24' title='bbox 1433 680 1789 742; x_wconf 79' lang='lat' dir='ltr'>prodeuntibus</span> 
     </span>
     <span class='ocr_line' id='line_1_5' title="bbox 99 764 1789 829; baseline -0.003 -13"><span class='ocrx_word' id='word_1_25' title='bbox 99 767 323 817; x_wconf 91' lang='lat' dir='ltr'>divisam.</span> <span class='ocrx_word' id='word_1_26' title='bbox 379 766 450 814; x_wconf 81' lang='lat' dir='ltr'>Ex</span> <span class='ocrx_word' id='word_1_27' title='bbox 475 767 654 828; x_wconf 92' lang='lat' dir='ltr'>quibus</span> <span class='ocrx_word' id='word_1_28' title='bbox 683 767 909 814; x_wconf 88' lang='lat' dir='ltr'>omnibus</span> <span class='ocrx_word' id='word_1_29' title='bbox 937 767 1150 829; x_wconf 88' lang='lat' dir='ltr'>partium</span> <span class='ocrx_word' id='word_1_30' title='bbox 1177 764 1440 827; x_wconf 84' lang='lat' dir='ltr'>generibus</span> <span class='ocrx_word' id='word_1_31' title='bbox 1466 765 1789 826; x_wconf 88' lang='lat' dir='ltr'>aequabilita-</span> 
     </span>
     <span class='ocr_line' id='line_1_6' title="bbox 96 849 1789 914; baseline -0.001 -15"><span class='ocrx_word' id='word_1_32' title='bbox 96 851 161 900; x_wconf 85' lang='lat' dir='ltr'>tis</span> <span class='ocrx_word' id='word_1_33' title='bbox 200 852 249 899; x_wconf 92' lang='lat' dir='ltr'>in</span> <span class='ocrx_word' id='word_1_34' title='bbox 286 851 434 899; x_wconf 88' lang='lat' dir='ltr'>rebus</span> <span class='ocrx_word' id='word_1_35' title='bbox 475 864 740 914; x_wconf 84' lang='lat' dir='ltr'>expressae</span> <span class='ocrx_word' id='word_1_36' title='bbox 781 851 1007 913; x_wconf 82' lang='lat' dir='ltr'>exempla</span> <span class='ocrx_word' id='word_1_37' title='bbox 1044 849 1244 901; x_wconf 86' lang='lat' dir='ltr'>Weilius</span> <span class='ocrx_word' id='word_1_38' title='bbox 1288 850 1340 896; x_wconf 91' lang='lat' dir='ltr'>in</span> <span class='ocrx_word' id='word_1_39' title='bbox 1378 849 1789 897; x_wconf 83' lang='lat' dir='ltr'>commentatione</span> 
     </span>
     <span class='ocr_line' id='line_1_7' title="bbox 99 933 1790 996; baseline -0.002 -13"><span class='ocrx_word' id='word_1_40' title='bbox 99 934 290 983; x_wconf 88' lang='lat' dir='ltr'>Franco</span> <span class='ocrx_word' id='word_1_41' title='bbox 318 933 509 983; x_wconf 88' lang='lat' dir='ltr'>Gallico</span> <span class='ocrx_word' id='word_1_42' title='bbox 538 949 764 983; x_wconf 88' lang='lat' dir='ltr'>sermone</span> <span class='ocrx_word' id='word_1_43' title='bbox 791 935 1072 996; x_wconf 89' lang='lat' dir='ltr'>conscripta</span> <span class='ocrx_word' id='word_1_44' title='bbox 1097 934 1282 991; x_wconf 84' lang='lat' dir='ltr'>attulit3</span> <span class='ocrx_word' id='word_1_45' title='bbox 1319 947 1444 996; x_wconf 92' lang='lat' dir='ltr'>quae</span> <span class='ocrx_word' id='word_1_46' title='bbox 1480 938 1646 981; x_wconf 86' lang='lat' dir='ltr'>tamen</span> <span class='ocrx_word' id='word_1_47' title='bbox 1681 948 1790 981; x_wconf 89' lang='lat' dir='ltr'>cum</span> 
     </span>
     <span class='ocr_line' id='line_1_8' title="bbox 97 1018 1787 1082; baseline -0.002 -14"><span class='ocrx_word' id='word_1_48' title='bbox 97 1019 296 1068; x_wconf 92' lang='lat' dir='ltr'>minime</span> <span class='ocrx_word' id='word_1_49' title='bbox 323 1020 540 1068; x_wconf 89' lang='lat' dir='ltr'>numeris</span> <span class='ocrx_word' id='word_1_50' title='bbox 567 1019 909 1082; x_wconf 84' lang='lat' dir='ltr'>aequabilibus</span> <span class='ocrx_word' id='word_1_51' title='bbox 936 1019 1127 1067; x_wconf 91' lang='lat' dir='ltr'>inclusa</span> <span class='ocrx_word' id='word_1_52' title='bbox 1153 1019 1274 1077; x_wconf 90' lang='lat' dir='ltr'>sint,</span> <span class='ocrx_word' id='word_1_53' title='bbox 1311 1018 1432 1066; x_wconf 90' lang='lat' dir='ltr'>nihil</span> <span class='ocrx_word' id='word_1_54' title='bbox 1468 1018 1531 1066; x_wconf 90' lang='lat' dir='ltr'>ad</span> <span class='ocrx_word' id='word_1_55' title='bbox 1566 1022 1787 1065; x_wconf 90' lang='lat' dir='ltr'>nostram</span> 
     </span>
     <span class='ocr_line' id='line_1_9' title="bbox 99 1102 1790 1167; baseline -0.002 -15"><span class='ocrx_word' id='word_1_56' title='bbox 99 1104 437 1167; x_wconf 90' lang='lat' dir='ltr'>quaestionem</span> <span class='ocrx_word' id='word_1_57' title='bbox 477 1104 658 1152; x_wconf 89' lang='lat' dir='ltr'>valent.</span> <span class='ocrx_word' id='word_1_58' title='bbox 717 1102 846 1163; x_wconf 84' lang='lat' dir='ltr'>Quin</span> <span class='ocrx_word' id='word_1_59' title='bbox 879 1104 976 1151; x_wconf 90' lang='lat' dir='ltr'>imo</span> <span class='ocrx_word' id='word_1_60' title='bbox 1017 1108 1115 1151; x_wconf 90' lang='lat' dir='ltr'>tam</span> <span class='ocrx_word' id='word_1_61' title='bbox 1149 1103 1435 1165; x_wconf 89' lang='lat' dir='ltr'>inaequales</span> <span class='ocrx_word' id='word_1_62' title='bbox 1474 1106 1589 1150; x_wconf 90' lang='lat' dir='ltr'>sunt</span> <span class='ocrx_word' id='word_1_63' title='bbox 1622 1106 1790 1164; x_wconf 88' lang='lat' dir='ltr'>partes</span> 
     </span>
     <span class='ocr_line' id='line_1_10' title="bbox 100 1186 1792 1250; baseline -0.001 -14"><span class='ocrx_word' id='word_1_64' title='bbox 100 1187 492 1249; x_wconf 78' lang='lat' dir='ltr'>tragoediarum,</span> <span class='ocrx_word' id='word_1_65' title='bbox 528 1192 604 1247; x_wconf 91' lang='lat' dir='ltr'>ut,</span> <span class='ocrx_word' id='word_1_66' title='bbox 644 1202 704 1236; x_wconf 91' lang='lat' dir='ltr'>ne</span> <span class='ocrx_word' id='word_1_67' title='bbox 743 1187 924 1235; x_wconf 89' lang='lat' dir='ltr'>multus</span> <span class='ocrx_word' id='word_1_68' title='bbox 953 1188 1044 1235; x_wconf 91' lang='lat' dir='ltr'>sim</span> <span class='ocrx_word' id='word_1_69' title='bbox 1072 1188 1122 1235; x_wconf 88' lang='lat' dir='ltr'>in</span> <span class='ocrx_word' id='word_1_70' title='bbox 1150 1187 1388 1250; x_wconf 81' lang='lat' dir='ltr'>exemplis</span> <span class='ocrx_word' id='word_1_71' title='bbox 1415 1187 1704 1241; x_wconf 82' lang='lat' dir='ltr'>afferendiS,</span> <span class='ocrx_word' id='word_1_72' title='bbox 1741 1186 1792 1233; x_wconf 91' lang='lat' dir='ltr'>in</span> 
     </span>
     <span class='ocr_line' id='line_1_11' title="bbox 101 1271 1791 1335; baseline -0.002 -14"><span class='ocrx_word' id='word_1_73' title='bbox 101 1271 410 1334; x_wconf 86' lang='lat' dir='ltr'>Choephoris</span> <span class='ocrx_word' id='word_1_74' title='bbox 440 1271 719 1335; x_wconf 83' lang='lat' dir='ltr'>episodium</span> <span class='ocrx_word' id='word_1_75' title='bbox 748 1272 984 1333; x_wconf 90' lang='lat' dir='ltr'>primum,</span> <span class='ocrx_word' id='word_1_76' title='bbox 1023 1271 1074 1318; x_wconf 89' lang='lat' dir='ltr'>in</span> <span class='ocrx_word' id='word_1_77' title='bbox 1100 1272 1452 1320; x_wconf 91' lang='lat' dir='ltr'>Eumenidibus</span> <span class='ocrx_word' id='word_1_78' title='bbox 1479 1271 1664 1319; x_wconf 80' lang='lat' dir='ltr'>exodus</span> <span class='ocrx_word' id='word_1_79' title='bbox 1690 1271 1791 1318; x_wconf 88' lang='lat' dir='ltr'>fere</span> 
     </span>
     <span class='ocr_line' id='line_1_12' title="bbox 96 1354 1788 1417; baseline -0.001 -14"><span class='ocrx_word' id='word_1_80' title='bbox 96 1355 349 1404; x_wconf 88' lang='lat' dir='ltr'>dimidiam</span> <span class='ocrx_word' id='word_1_81' title='bbox 383 1360 573 1417; x_wconf 85' lang='lat' dir='ltr'>partem</span> <span class='ocrx_word' id='word_1_82' title='bbox 607 1355 802 1403; x_wconf 83' lang='lat' dir='ltr'>fabulae</span> <span class='ocrx_word' id='word_1_83' title='bbox 830 1355 1127 1403; x_wconf 87' lang='lat' dir='ltr'>contineant.</span> <span class='ocrx_word' id='word_1_84' title='bbox 1168 1355 1349 1403; x_wconf 85' lang='lat' dir='ltr'>Verum</span> <span class='ocrx_word' id='word_1_85' title='bbox 1376 1355 1571 1404; x_wconf 91' lang='lat' dir='ltr'>omnino</span> <span class='ocrx_word' id='word_1_86' title='bbox 1601 1370 1687 1403; x_wconf 90' lang='lat' dir='ltr'>eae</span> <span class='ocrx_word' id='word_1_87' title='bbox 1716 1354 1788 1402; x_wconf 90' lang='lat' dir='ltr'>di-</span> 
     </span>
     <span class='ocr_line' id='line_1_13' title="bbox 96 1440 1789 1502; baseline -0.001 -14"><span class='ocrx_word' id='word_1_88' title='bbox 96 1440 252 1488; x_wconf 82' lang='lat' dir='ltr'>verbii</span> <span class='ocrx_word' id='word_1_89' title='bbox 277 1444 446 1502; x_wconf 88' lang='lat' dir='ltr'>partes</span> <span class='ocrx_word' id='word_1_90' title='bbox 474 1444 574 1487; x_wconf 91' lang='lat' dir='ltr'>tam</span> <span class='ocrx_word' id='word_1_91' title='bbox 601 1455 810 1501; x_wconf 80' lang='lat' dir='ltr'>magnae</span> <span class='ocrx_word' id='word_1_92' title='bbox 838 1444 968 1498; x_wconf 87' lang='lat' dir='ltr'>sunt,</span> <span class='ocrx_word' id='word_1_93' title='bbox 996 1444 1050 1487; x_wconf 92' lang='lat' dir='ltr'>ut</span> <span class='ocrx_word' id='word_1_94' title='bbox 1074 1441 1264 1488; x_wconf 89' lang='lat' dir='ltr'>numeri</span> <span class='ocrx_word' id='word_1_95' title='bbox 1290 1440 1521 1502; x_wconf 89' lang='lat' dir='ltr'>aequales</span> <span class='ocrx_word' id='word_1_96' title='bbox 1546 1456 1575 1488; x_wconf 90' lang='lat' dir='ltr'>a</span> <span class='ocrx_word' id='word_1_97' title='bbox 1596 1444 1789 1502; x_wconf 86' lang='lat' dir='ltr'>spect-a-</span> 
     </span>
     <span class='ocr_line' id='line_1_14' title="bbox 96 1524 1790 1588; baseline -0.001 -16"><span class='ocrx_word' id='word_1_98' title='bbox 96 1524 285 1574; x_wconf 87' lang='lat' dir='ltr'>toribus</span> <span class='ocrx_word' id='word_1_99' title='bbox 312 1524 718 1586; x_wconf 89' lang='lat' dir='ltr'>auditoribusque</span> <span class='ocrx_word' id='word_1_100' title='bbox 747 1524 1098 1588; x_wconf 87' lang='lat' dir='ltr'>comprehendi</span> <span class='ocrx_word' id='word_1_101' title='bbox 1126 1539 1225 1572; x_wconf 87' lang='lat' dir='ltr'>non</span> <span class='ocrx_word' id='word_1_102' title='bbox 1245 1525 1456 1587; x_wconf 83' lang='lat' dir='ltr'>possint,</span> <span class='ocrx_word' id='word_1_103' title='bbox 1484 1525 1578 1572; x_wconf 88' lang='lat' dir='ltr'>nisi</span> <span class='ocrx_word' id='word_1_104' title='bbox 1606 1525 1654 1571; x_wconf 90' lang='lat' dir='ltr'>in</span> <span class='ocrx_word' id='word_1_105' title='bbox 1682 1538 1790 1572; x_wconf 87' lang='lat' dir='ltr'>cor-</span> 
     </span>
     <span class='ocr_line' id='line_1_15' title="bbox 97 1592 1791 1672; baseline -0.001 -15"><span class='ocrx_word' id='word_1_106' title='bbox 97 1625 220 1672; x_wconf 89' lang='lat' dir='ltr'>pora</span> <span class='ocrx_word' id='word_1_107' title='bbox 259 1608 539 1670; x_wconf 90' lang='lat' dir='ltr'>aequabilia</span> <span class='ocrx_word' id='word_1_108' title='bbox 577 1609 873 1656; x_wconf 89' lang='lat' dir='ltr'>dividantur.</span> <span class='ocrx_word' id='word_1_109' title='bbox 932 1607 1093 1669; x_wconf 81' lang='lat' dir='ltr'>Quare</span> <span class='ocrx_word' id='word_1_110' title='bbox 1133 1609 1174 1657; x_wconf 89' lang='lat' dir='ltr'>si</span> <span class='ocrx_word' id='word_1_111' title='bbox 1215 1609 1411 1671; x_wconf 87' lang='lat' dir='ltr'>quando</span> <span class='ocrx_word' id='word_1_112' title='bbox 1451 1592 1791 1657; x_wconf 48' lang='lat' dir='ltr'>uniuersarum</span> 
     </span>
     <span class='ocr_line' id='line_1_16' title="bbox 51 1690 1790 1757; baseline -0.001 -16"><span class='ocrx_word' id='word_1_113' title='bbox 51 1690 54 1691; x_wconf 43' lang='lat'><em>⁷</em></span> <span class='ocrx_word' id='word_1_114' title='bbox 94 1694 308 1757; x_wconf 80' lang='lat' dir='ltr'>part-ium</span> <span class='ocrx_word' id='word_1_115' title='bbox 335 1693 522 1742; x_wconf 91' lang='lat' dir='ltr'>numeri</span> <span class='ocrx_word' id='word_1_116' title='bbox 545 1697 832 1755; x_wconf 87' lang='lat' dir='ltr'>congruant,</span> <span class='ocrx_word' id='word_1_117' title='bbox 858 1707 947 1740; x_wconf 88' lang='lat' dir='ltr'>nec</span> <span class='ocrx_word' id='word_1_118' title='bbox 967 1707 1082 1741; x_wconf 89' lang='lat' dir='ltr'>vero</span> <span class='ocrx_word' id='word_1_119' title='bbox 1107 1693 1413 1755; x_wconf 84' lang='lat' dir='ltr'>singularum</span> <span class='ocrx_word' id='word_1_120' title='bbox 1437 1694 1790 1757; x_wconf 85' lang='lat' dir='ltr'>particularum</span> 
     </span>
     <span class='ocr_line' id='line_1_17' title="bbox 97 1777 1790 1841; baseline -0.001 -15"><span class='ocrx_word' id='word_1_121' title='bbox 97 1793 328 1841; x_wconf 84' lang='lat' dir='ltr'>corpora,</span> <span class='ocrx_word' id='word_1_122' title='bbox 370 1792 536 1826; x_wconf 87' lang='lat' dir='ltr'>casum</span> <span class='ocrx_word' id='word_1_123' title='bbox 577 1779 742 1841; x_wconf 89' lang='lat' dir='ltr'>potius</span> <span class='ocrx_word' id='word_1_124' title='bbox 782 1792 926 1840; x_wconf 86' lang='lat' dir='ltr'>quam</span> <span class='ocrx_word' id='word_1_125' title='bbox 965 1781 1142 1840; x_wconf 87' lang='lat' dir='ltr'>poetae</span> <span class='ocrx_word' id='word_1_126' title='bbox 1181 1778 1441 1826; x_wconf 86' lang='lat' dir='ltr'>consilium</span> <span class='ocrx_word' id='word_1_127' title='bbox 1486 1777 1790 1839; x_wconf 87' lang='lat' dir='ltr'>arguendum</span> 
     </span>
     <span class='ocr_line' id='line_1_18' title="bbox 97 1863 532 1926; baseline -0.005 -14"><span class='ocrx_word' id='word_1_128' title='bbox 97 1877 208 1912; x_wconf 88' lang='lat' dir='ltr'>esse</span> <span class='ocrx_word' id='word_1_129' title='bbox 235 1863 532 1926; x_wconf 89' lang='lat' dir='ltr'>putabimus.</span> 
     </span>
    </p>

    <p class='ocr_par' dir='ltr' id='par_1_3' title="bbox 93 1947 1792 3281">
     <span class='ocr_line' id='line_1_19' title="bbox 203 1947 1792 2012; baseline 0 -17"><span class='ocrx_word' id='word_1_130' title='bbox 203 1949 248 1995; x_wconf 77' lang='lat'>2.</span> <span class='ocrx_word' id='word_1_131' title='bbox 287 1947 584 1995; x_wconf 89' lang='lat' dir='ltr'>Dividuntur</span> <span class='ocrx_word' id='word_1_132' title='bbox 617 1947 769 2008; x_wconf 84' lang='lat' dir='ltr'>igitur</span> <span class='ocrx_word' id='word_1_133' title='bbox 804 1963 863 1995; x_wconf 90' lang='lat' dir='ltr'>ea</span> <span class='ocrx_word' id='word_1_134' title='bbox 898 1962 1108 2012; x_wconf 90' lang='lat' dir='ltr'>corpora</span> <span class='ocrx_word' id='word_1_135' title='bbox 1143 1962 1267 2010; x_wconf 91' lang='lat' dir='ltr'>quae</span> <span class='ocrx_word' id='word_1_136' title='bbox 1302 1952 1523 1995; x_wconf 90' lang='lat' dir='ltr'>actorum</span> <span class='ocrx_word' id='word_1_137' title='bbox 1561 1949 1792 2009; x_wconf 86' lang='lat' dir='ltr'>ingressu</span> 
     </span>
     <span class='ocr_line' id='line_1_20' title="bbox 94 2027 1789 2097; baseline -0.001 -17"><span class='ocrx_word' id='word_1_138' title='bbox 94 2032 418 2094; x_wconf 70' lang='lat' dir='ltr'>dis&#39;cessuque</span> <span class='ocrx_word' id='word_1_139' title='bbox 467 2036 722 2089; x_wconf 89' lang='lat' dir='ltr'>notantur,</span> <span class='ocrx_word' id='word_1_140' title='bbox 781 2029 1002 2097; x_wconf 72' lang='lat' dir='ltr'>sz&#39;nyulz&#39;s</span> <span class='ocrx_word' id='word_1_141' title='bbox 1054 2027 1379 2080; x_wconf 72' lang='lat' dir='ltr'>orationibus</span> <span class='ocrx_word' id='word_1_142' title='bbox 1425 2046 1789 2095; x_wconf 72' lang='lat' dir='ltr'>personarum.</span> 
     </span>
     <span class='ocr_line' id='line_1_21' title="bbox 95 2114 1790 2181; baseline -0.001 -17"><span class='ocrx_word' id='word_1_143' title='bbox 95 2116 310 2177; x_wconf 85' lang='lat' dir='ltr'>Quarum</span> <span class='ocrx_word' id='word_1_144' title='bbox 338 2120 507 2179; x_wconf 88' lang='lat' dir='ltr'>partes</span> <span class='ocrx_word' id='word_1_145' title='bbox 536 2131 592 2165; x_wconf 88' lang='lat' dir='ltr'>eo</span> <span class='ocrx_word' id='word_1_146' title='bbox 620 2116 780 2177; x_wconf 85' lang='lat' dir='ltr'>magis</span> <span class='ocrx_word' id='word_1_147' title='bbox 807 2116 935 2164; x_wconf 90' lang='lat' dir='ltr'>inter</span> <span class='ocrx_word' id='word_1_148' title='bbox 963 2130 1016 2164; x_wconf 90' lang='lat' dir='ltr'>se</span> <span class='ocrx_word' id='word_1_149' title='bbox 1039 2121 1269 2179; x_wconf 87' lang='lat' dir='ltr'>poterant</span> <span class='ocrx_word' id='word_1_150' title='bbox 1295 2118 1497 2180; x_wconf 90' lang='lat' dir='ltr'>opponi,</span> <span class='ocrx_word' id='word_1_151' title='bbox 1525 2116 1656 2179; x_wconf 93' lang='lat' dir='ltr'>quod</span> <span class='ocrx_word' id='word_1_152' title='bbox 1679 2114 1790 2181; x_wconf 84' lang='lat' dir='ltr'>ple—</span> 
     </span>
     <span class='ocr_line' id='line_1_22' title="bbox 94 2197 1792 2267; baseline 0.001 -19"><span class='ocrx_word' id='word_1_153' title='bbox 94 2216 315 2266; x_wconf 80' lang='lat' dir='ltr'>rumque</span> <span class='ocrx_word' id='word_1_154' title='bbox 341 2198 445 2248; x_wconf 83' lang='lat' dir='ltr'>duo</span> <span class='ocrx_word' id='word_1_155' title='bbox 474 2206 675 2248; x_wconf 75' lang='lat' dir='ltr'>tantum</span> <span class='ocrx_word' id='word_1_156' title='bbox 701 2206 900 2249; x_wconf 75' lang='lat' dir='ltr'>actores</span> <span class='ocrx_word' id='word_1_157' title='bbox 926 2199 982 2248; x_wconf 76' lang='lat' dir='ltr'>in</span> <span class='ocrx_word' id='word_1_158' title='bbox 1007 2216 1196 2249; x_wconf 73' lang='lat' dir='ltr'>scaena</span> <span class='ocrx_word' id='word_1_159' title='bbox 1223 2197 1462 2267; x_wconf 73' lang='lat' dir='ltr'>ayebant.</span> <span class='ocrx_word' id='word_1_160' title='bbox 1514 2201 1792 2263; x_wconf 85' lang='lat' dir='ltr'>Aeschylus</span> 
     </span>
     <span class='ocr_line' id='line_1_23' title="bbox 94 2280 1791 2348; baseline -0.002 -13"><span class='ocrx_word' id='word_1_161' title='bbox 94 2286 221 2335; x_wconf 92' lang='lat' dir='ltr'>enim</span> <span class='ocrx_word' id='word_1_162' title='bbox 248 2285 446 2333; x_wconf 87' lang='lat' dir='ltr'>tertium</span> <span class='ocrx_word' id='word_1_163' title='bbox 473 2289 688 2334; x_wconf 85' lang='lat' dir='ltr'>actorem</span> <span class='ocrx_word' id='word_1_164' title='bbox 717 2300 813 2333; x_wconf 90' lang='lat' dir='ltr'>non</span> <span class='ocrx_word' id='word_1_165' title='bbox 841 2285 1067 2334; x_wconf 89' lang='lat' dir='ltr'>adhibuit</span> <span class='ocrx_word' id='word_1_166' title='bbox 1093 2286 1187 2334; x_wconf 88' lang='lat' dir='ltr'>nisi</span> <span class='ocrx_word' id='word_1_167' title='bbox 1214 2287 1264 2333; x_wconf 89' lang='lat' dir='ltr'>in</span> <span class='ocrx_word' id='word_1_168' title='bbox 1293 2286 1447 2334; x_wconf 87' lang='lat' dir='ltr'>exodo</span> <span class='ocrx_word' id='word_1_169' title='bbox 1475 2285 1674 2348; x_wconf 88' lang='lat' dir='ltr'>Septem</span> <span class='ocrx_word' id='word_1_170' title='bbox 1702 2280 1791 2333; x_wconf 92' lang='lat' dir='ltr'>du-</span> 
     </span>
     <span class='ocr_line' id='line_1_24' title="bbox 94 2369 1790 2433; baseline -0.001 -14"><span class='ocrx_word' id='word_1_171' title='bbox 94 2385 228 2428; x_wconf 88' lang='lat' dir='ltr'>cum,</span> <span class='ocrx_word' id='word_1_172' title='bbox 264 2369 349 2418; x_wconf 91' lang='lat' dir='ltr'>ubi</span> <span class='ocrx_word' id='word_1_173' title='bbox 376 2369 438 2418; x_wconf 89' lang='lat' dir='ltr'>ad</span> <span class='ocrx_word' id='word_1_174' title='bbox 465 2369 764 2431; x_wconf 86' lang='lat' dir='ltr'>Antigonam</span> <span class='ocrx_word' id='word_1_175' title='bbox 793 2373 841 2418; x_wconf 92' lang='lat' dir='ltr'>et</span> <span class='ocrx_word' id='word_1_176' title='bbox 866 2369 1140 2429; x_wconf 89' lang='lat' dir='ltr'>Ismenam,</span> <span class='ocrx_word' id='word_1_177' title='bbox 1175 2376 1223 2419; x_wconf 91' lang='lat' dir='ltr'>et</span> <span class='ocrx_word' id='word_1_178' title='bbox 1247 2371 1375 2419; x_wconf 86' lang='lat' dir='ltr'>hanc</span> <span class='ocrx_word' id='word_1_179' title='bbox 1402 2371 1599 2433; x_wconf 89' lang='lat' dir='ltr'>quidem</span> <span class='ocrx_word' id='word_1_180' title='bbox 1625 2374 1790 2418; x_wconf 87' lang='lat' dir='ltr'>tacen-</span> 
     </span>
     <span class='ocr_line' id='line_1_25' title="bbox 93 2453 1790 2518; baseline 0.001 -16"><span class='ocrx_word' id='word_1_181' title='bbox 93 2459 193 2503; x_wconf 91' lang='lat' dir='ltr'>tem</span> <span class='ocrx_word' id='word_1_182' title='bbox 219 2468 399 2518; x_wconf 88' lang='lat' dir='ltr'>praeco</span> <span class='ocrx_word' id='word_1_183' title='bbox 428 2454 635 2513; x_wconf 90' lang='lat' dir='ltr'>accedit,</span> <span class='ocrx_word' id='word_1_184' title='bbox 664 2458 713 2503; x_wconf 90' lang='lat' dir='ltr'>et</span> <span class='ocrx_word' id='word_1_185' title='bbox 737 2454 787 2502; x_wconf 92' lang='lat' dir='ltr'>in</span> <span class='ocrx_word' id='word_1_186' title='bbox 814 2453 1026 2517; x_wconf 76' lang='lat' dir='ltr'>Orestia,</span> <span class='ocrx_word' id='word_1_187' title='bbox 1052 2456 1137 2503; x_wconf 89' lang='lat' dir='ltr'>ubi</span> <span class='ocrx_word' id='word_1_188' title='bbox 1157 2455 1333 2517; x_wconf 86' lang='lat' dir='ltr'>Agam.</span> <span class='ocrx_word' id='word_1_189' title='bbox 1354 2457 1624 2504; x_wconf 79' lang='lat'>822—941</span> <span class='ocrx_word' id='word_1_190' title='bbox 1648 2470 1790 2518; x_wconf 89' lang='lat' dir='ltr'>prae-</span> 
     </span>
     <span class='ocr_line' id='line_1_26' title="bbox 93 2538 1792 2602; baseline -0.001 -14"><span class='ocrx_word' id='word_1_191' title='bbox 93 2544 168 2588; x_wconf 93' lang='lat' dir='ltr'>ter</span> <span class='ocrx_word' id='word_1_192' title='bbox 191 2541 615 2602; x_wconf 88' lang='lat' dir='ltr'>Agamemnonem</span> <span class='ocrx_word' id='word_1_193' title='bbox 643 2544 691 2588; x_wconf 85' lang='lat' dir='ltr'>et</span> <span class='ocrx_word' id='word_1_194' title='bbox 718 2538 1161 2602; x_wconf 83' lang='lat' dir='ltr'>Clytaemnestram</span> <span class='ocrx_word' id='word_1_195' title='bbox 1189 2538 1488 2598; x_wconf 87' lang='lat' dir='ltr'>Cassandra,</span> <span class='ocrx_word' id='word_1_196' title='bbox 1527 2540 1615 2589; x_wconf 93' lang='lat' dir='ltr'>sed</span> <span class='ocrx_word' id='word_1_197' title='bbox 1641 2541 1792 2588; x_wconf 90' lang='lat' dir='ltr'>tacita</span> 
     </span>
     <span class='ocr_line' id='line_1_27' title="bbox 93 2623 1792 2688; baseline 0 -16"><span class='ocrx_word' id='word_1_198' title='bbox 93 2625 142 2672; x_wconf 91' lang='lat' dir='ltr'>in</span> <span class='ocrx_word' id='word_1_199' title='bbox 183 2638 364 2672; x_wconf 89' lang='lat' dir='ltr'>scaena</span> <span class='ocrx_word' id='word_1_200' title='bbox 410 2628 759 2683; x_wconf 88' lang='lat' dir='ltr'>commoratur,</span> <span class='ocrx_word' id='word_1_201' title='bbox 807 2624 1027 2687; x_wconf 87' lang='lat' dir='ltr'>Choeph.</span> <span class='ocrx_word' id='word_1_202' title='bbox 1057 2625 1356 2673; x_wconf 78' lang='lat'>880—922</span> <span class='ocrx_word' id='word_1_203' title='bbox 1398 2623 1792 2688; x_wconf 85' lang='lat' dir='ltr'>Clytaemnestra</span> 
     </span>
     <span class='ocr_line' id='line_1_28' title="bbox 95 2707 1789 2772; baseline -0.001 -15"><span class='ocrx_word' id='word_1_204' title='bbox 95 2707 296 2757; x_wconf 89' lang='lat' dir='ltr'>Orestes</span> <span class='ocrx_word' id='word_1_205' title='bbox 337 2708 575 2770; x_wconf 89' lang='lat' dir='ltr'>Pylades,</span> <span class='ocrx_word' id='word_1_206' title='bbox 614 2708 751 2757; x_wconf 90' lang='lat' dir='ltr'>Eum.</span> <span class='ocrx_word' id='word_1_207' title='bbox 783 2710 1076 2756; x_wconf 81' lang='lat'>555—745</span> <span class='ocrx_word' id='word_1_208' title='bbox 1115 2708 1336 2757; x_wconf 89' lang='lat' dir='ltr'>Minerva</span> <span class='ocrx_word' id='word_1_209' title='bbox 1370 2710 1550 2772; x_wconf 85' lang='lat' dir='ltr'>Apollo</span> <span class='ocrx_word' id='word_1_210' title='bbox 1589 2708 1789 2758; x_wconf 90' lang='lat' dir='ltr'>Orestes</span> 
     </span>
     <span class='ocr_line' id='line_1_29' title="bbox 96 2789 1789 2854; baseline 0.002 -14"><span class='ocrx_word' id='word_1_211' title='bbox 96 2793 241 2841; x_wconf 88' lang='lat' dir='ltr'>simul</span> <span class='ocrx_word' id='word_1_212' title='bbox 268 2797 436 2854; x_wconf 76' lang='lat' dir='ltr'>agunt.</span> <span class='ocrx_word' id='word_1_213' title='bbox 478 2789 825 2842; x_wconf 88' lang='lat' dir='ltr'>Admiscentur</span> <span class='ocrx_word' id='word_1_214' title='bbox 848 2796 1011 2841; x_wconf 90' lang='lat' dir='ltr'>autem</span> <span class='ocrx_word' id='word_1_215' title='bbox 1031 2793 1094 2840; x_wconf 90' lang='lat' dir='ltr'>ad</span> <span class='ocrx_word' id='word_1_216' title='bbox 1115 2793 1520 2843; x_wconf 89' lang='lat' dir='ltr'>interlocutorum</span> <span class='ocrx_word' id='word_1_217' title='bbox 1543 2794 1789 2843; x_wconf 88' lang='lat' dir='ltr'>orationes</span> 
     </span>
     <span class='ocr_line' id='line_1_30' title="bbox 94 2874 1789 2942; baseline 0.001 -18"><span class='ocrx_word' id='word_1_218' title='bbox 94 2891 352 2925; x_wconf 71' lang='lat' dir='ltr'>sermones</span> <span class='ocrx_word' id='word_1_219' title='bbox 379 2874 553 2940; x_wconf 74' lang='lat' dir='ltr'>chori,</span> <span class='ocrx_word' id='word_1_220' title='bbox 587 2878 636 2926; x_wconf 92' lang='lat' dir='ltr'>in</span> <span class='ocrx_word' id='word_1_221' title='bbox 664 2878 842 2941; x_wconf 87' lang='lat' dir='ltr'>quibus</span> <span class='ocrx_word' id='word_1_222' title='bbox 869 2877 996 2925; x_wconf 88' lang='lat' dir='ltr'>inter</span> <span class='ocrx_word' id='word_1_223' title='bbox 1022 2891 1075 2925; x_wconf 89' lang='lat' dir='ltr'>se</span> <span class='ocrx_word' id='word_1_224' title='bbox 1103 2879 1415 2942; x_wconf 89' lang='lat' dir='ltr'>opponendis</span> <span class='ocrx_word' id='word_1_225' title='bbox 1442 2879 1652 2927; x_wconf 88' lang='lat' dir='ltr'>maximo</span> <span class='ocrx_word' id='word_1_226' title='bbox 1679 2879 1789 2927; x_wconf 91' lang='lat' dir='ltr'>usui</span> 
     </span>
     <span class='ocr_line' id='line_1_31' title="bbox 96 2960 1789 3029; baseline 0 -18"><span class='ocrx_word' id='word_1_227' title='bbox 96 2977 207 3011; x_wconf 89' lang='lat' dir='ltr'>esse</span> <span class='ocrx_word' id='word_1_228' title='bbox 249 2967 440 3026; x_wconf 86' lang='lat' dir='ltr'>poterat</span> <span class='ocrx_word' id='word_1_229' title='bbox 477 2960 802 3028; x_wconf 71' lang='lat' dir='ltr'>sinyulorwn</span> <span class='ocrx_word' id='word_1_230' title='bbox 842 2961 1101 3011; x_wconf 73' lang='lat' dir='ltr'>dictorum</span> <span class='ocrx_word' id='word_1_231' title='bbox 1142 2961 1198 3010; x_wconf 75' lang='lat' dir='ltr'>in</span> <span class='ocrx_word' id='word_1_232' title='bbox 1244 2960 1515 3012; x_wconf 75' lang='lat' dir='ltr'>choreutas</span> <span class='ocrx_word' id='word_1_233' title='bbox 1558 2961 1789 3029; x_wconf 67' lang='lat' dir='ltr'>sz’nyulos</span> 
     </span>
     <span class='ocr_line' id='line_1_32' title="bbox 98 3043 1787 3110; baseline 0.002 -16"><span class='ocrx_word' id='word_1_234' title='bbox 98 3043 412 3095; x_wconf 74' lang='lat' dir='ltr'>distributio.</span> <span class='ocrx_word' id='word_1_235' title='bbox 454 3046 604 3097; x_wconf 89' lang='lat' dir='ltr'>Cuius</span> <span class='ocrx_word' id='word_1_236' title='bbox 633 3048 891 3096; x_wconf 90' lang='lat' dir='ltr'>divisionis</span> <span class='ocrx_word' id='word_1_237' title='bbox 919 3047 1100 3110; x_wconf 83' lang='lat' dir='ltr'>duplex</span> <span class='ocrx_word' id='word_1_238' title='bbox 1126 3052 1203 3096; x_wconf 91' lang='lat' dir='ltr'>est</span> <span class='ocrx_word' id='word_1_239' title='bbox 1228 3063 1401 3110; x_wconf 80' lang='lat' dir='ltr'>genuS,</span> <span class='ocrx_word' id='word_1_240' title='bbox 1429 3048 1635 3097; x_wconf 89' lang='lat' dir='ltr'>alterum</span> <span class='ocrx_word' id='word_1_241' title='bbox 1657 3048 1787 3110; x_wconf 89' lang='lat' dir='ltr'>quod</span> 
     </span>
     <span class='ocr_line' id='line_1_33' title="bbox 97 3131 1788 3196; baseline 0.001 -17"><span class='ocrx_word' id='word_1_242' title='bbox 97 3131 344 3181; x_wconf 88' lang='lat' dir='ltr'>orationes</span> <span class='ocrx_word' id='word_1_243' title='bbox 373 3133 508 3181; x_wconf 86' lang='lat' dir='ltr'>chori</span> <span class='ocrx_word' id='word_1_244' title='bbox 538 3133 702 3182; x_wconf 90' lang='lat' dir='ltr'>verbis</span> <span class='ocrx_word' id='word_1_245' title='bbox 729 3138 948 3182; x_wconf 90' lang='lat' dir='ltr'>actorum</span> <span class='ocrx_word' id='word_1_246' title='bbox 975 3133 1275 3196; x_wconf 87' lang='lat' dir='ltr'>interpellat,</span> <span class='ocrx_word' id='word_1_247' title='bbox 1306 3134 1513 3182; x_wconf 88' lang='lat' dir='ltr'>alterum</span> <span class='ocrx_word' id='word_1_248' title='bbox 1540 3147 1635 3195; x_wconf 91' lang='lat' dir='ltr'>quo</span> <span class='ocrx_word' id='word_1_249' title='bbox 1661 3133 1788 3182; x_wconf 89' lang='lat' dir='ltr'>alius</span> 
     </span>
     <span class='ocr_line' id='line_1_34' title="bbox 97 3216 1787 3281; baseline 0.001 -17"><span class='ocrx_word' id='word_1_250' title='bbox 97 3216 329 3266; x_wconf 88' lang='lat' dir='ltr'>choreuta</span> <span class='ocrx_word' id='word_1_251' title='bbox 361 3217 512 3266; x_wconf 90' lang='lat' dir='ltr'>alium</span> <span class='ocrx_word' id='word_1_252' title='bbox 547 3217 741 3281; x_wconf 84' lang='lat' dir='ltr'>excipit.</span> <span class='ocrx_word' id='word_1_253' title='bbox 795 3218 957 3280; x_wconf 90' lang='lat' dir='ltr'>Atque</span> <span class='ocrx_word' id='word_1_254' title='bbox 994 3217 1137 3266; x_wconf 91' lang='lat' dir='ltr'>huius</span> <span class='ocrx_word' id='word_1_255' title='bbox 1172 3217 1370 3280; x_wconf 91' lang='lat' dir='ltr'>quidem</span> <span class='ocrx_word' id='word_1_256' title='bbox 1404 3218 1600 3279; x_wconf 86' lang='lat' dir='ltr'>generis</span> <span class='ocrx_word' id='word_1_257' title='bbox 1627 3232 1787 3267; x_wconf 87' lang='lat' dir='ltr'>exem-</span> 
     </span>
    </p>
   </div>
   <div class='ocr_carea' id='block_1_3' title="bbox 0 0 76 2335">
    <p class='ocr_par' dir='ltr' id='par_1_4' title="bbox 0 0 76 2335">
     <span class='ocr_line' id='line_1_35' title="bbox 0 0 76 2335; baseline 0 0"><span class='ocrx_word' id='word_1_258' title='bbox 0 0 76 2335; x_wconf 95' lang='lat' dir='ltr'> </span> 
     </span>
    </p>
   </div>
  </div>
 </body>
</html>
