2055 3589
83 424 268 474 eisdem
307 425 472 473 verbis
515 426 826 488 antistropha
862 426 1155 489 respondet,
1195 431 1352 475 metra
1386 430 1576 483 tantum
1618 427 1766 476 doch-

84 509 241 556 miaca
266 508 475 569 exhibet,
502 510 621 558 nihil
650 510 866 559 continet
890 513 1090 574 praeter
1113 510 1472 559 invocationem
1499 511 1767 574 Apollinis;

82 592 239 641 altera
267 597 315 640 et
340 593 501 651 tertia,
530 608 732 655 quarum
761 595 896 657 prior
936 599 983 643 et
1007 595 1120 656 ipsa
1144 594 1194 641 in
1221 584 1384 657 priore
1406 600 1552 659 parte
1581 596 1768 644 eisdem

83 676 246 724 verbis
273 676 477 725 iteratur
503 677 566 724 ad
597 678 848 727 dochmios
888 679 1162 741 adiungunt
1195 679 1486 739 trimetrum,
1527 681 1588 728 ab
1627 681 1767 728 invo—

85 761 278 809 catione
307 761 385 808 dei
418 766 679 809 transeunt
715 763 777 810 ad
819 763 1081 811 scelestam
1114 763 1328 822 domum,
1366 777 1461 825 quo
1488 762 1771 812 Cassandra

85 844 292 892 ducatur
325 846 734 904 abominandam3
781 852 954 909 quarta
998 851 1046 895 et
1090 847 1260 909 quinta
1302 847 1574 895 trimetrum
1621 847 1769 895 doch-

82 928 254 977 miacis
298 929 606 978 includentes
653 931 852 979 caedem
903 931 1289 991 Agamemnonis
1339 936 1664 993 augurantur3
1717 932 1767 978 in

83 1017 221 1061 sexta
247 1013 423 1061 deinde
451 1019 500 1062 et
525 1015 739 1077 septima
777 1020 934 1075 vateS,
969 1016 1066 1062 iam
1103 1015 1473 1064 concidentibus
1465 1016 1678 1083 *animis
1707 1015 1768 1063 ad

82 1098 234 1145 verba
261 1098 395 1146 chori
421 1099 682 1146 attendens
709 1114 847 1147 suam
874 1100 1033 1162 ipsius
1069 1105 1250 1148 sortem
1278 1100 1503 1162 deplorat
1530 1100 1768 1148 dochmiis

84 1181 226 1230 binos
270 1183 516 1231 trimetros
569 1183 832 1231 subiciens
913 1182 1007 1230 Sed
1061 1198 1170 1230 cum
1219 1185 1267 1230 in
1321 1185 1523 1232 summis
1575 1185 1773 1246 egregia

81 1265 405 1326 aequabilitas
434 1271 481 1313 et
506 1281 667 1314 rerum
697 1271 744 1314 et
778 1267 1011 1314 metricae
1043 1268 1416 1329 compositionis
1445 1274 1682 1327 servetur,
1722 1269 1770 1315 in

83 1350 250 1412 parvis
277 1364 373 1398 non
403 1349 583 1398 vitatur
609 1351 956 1414 discrepantia,
985 1355 1037 1398 ut
1062 1352 1238 1412 proodi
1263 1352 1472 1400 formam
1500 1357 1548 1400 et
1576 1357 1770 1401 senten-

82 1433 203 1481 tiam
231 1434 374 1482 etiam
407 1435 456 1482 in
491 1435 646 1482 altero
685 1435 998 1498 stropharum
1027 1436 1133 1498 pari
1162 1436 1327 1498 aliqua
1367 1452 1423 1485 ex
1449 1442 1588 1500 parte
1614 1437 1774 1500 repeti

83 1518 352 1576 videamus,
393 1534 518 1582 quae
563 1534 743 1569 caussa
783 1520 938 1568 fuisse
983 1520 1177 1569 videtur
1213 1521 1456 1570 Ahrensio
1495 1517 1574 1585 (de
1610 1521 1772 1569 causis

84 1603 376 1665 quibusdam
413 1604 646 1666 Aeschyli
684 1605 900 1652 nondum
933 1605 1054 1653 satis
1089 1606 1352 1654 emendati.
1398 1620 1565 1669 progr.
1611 1605 1771 1655 Ilfeld.

89 1685 264 1751 1832),
300 1693 354 1736 ut
385 1689 571 1751 proodo
607 1704 714 1736 cum
754 1689 944 1737 duabus
983 1690 1202 1753 strophis
1247 1691 1622 1753 insequentibus
1660 1705 1773 1738 con-

83 1772 248 1819 iuncta
282 1772 378 1820 tria
410 1777 600 1821 tantum
640 1787 848 1837 corpora
884 1788 994 1822 esse
1035 1778 1288 1823 statueret.
1352 1774 1454 1823 Nec
1504 1789 1620 1823 vero
1649 1789 1773 1837 quae

85 1856 233 1904 choro
278 1857 354 1905 vel
389 1857 554 1920 potius
596 1871 652 1905 ex
687 1858 910 1906 instituto
947 1858 1213 1906 Hermanni
1242 1859 1631 1921 quattuordecim
1659 1859 1773 1907 cho-

82 1942 234 1989 reutis
261 1941 553 2002 tribuuntur,
571 1969 638 1974 —
660 1958 771 1989 nam
801 1943 1065 2005 coryphaei
1090 1943 1287 1992 fuerunt
1312 1959 1435 2006 quae
1463 1948 1608 1991 antea
1632 1943 1680 1990 in
1708 1943 1773 1991 si-

83 2025 266 2074 lentem
281 2025 611 2074 Cassandram
633 2027 764 2074 dicta
791 2032 918 2087 sunt,
937 2053 1000 2060 —
1020 2028 1228 2076 eundem
1255 2028 1474 2076 ordinem
1504 2031 1775 2090 sequuntur

85 2124 227 2172 quam
256 2111 489 2173 strophae
517 2111 840 2160 Cassandrae.
892 2111 1018 2159 Nam
1046 2117 1308 2175 postquam
1337 2117 1566 2175 quattuor
1586 2113 1772 2176 primas

84 2195 318 2258 strophas
345 2195 474 2244 binis
501 2196 735 2244 trimetris
774 2201 1084 2258 exceperunt,
1120 2201 1237 2259 post
1263 2197 1481 2259 quintam
1519 2197 1773 2259 stropham

86 2279 328 2328 vaticiniis
358 2279 526 2342 paullo
554 2279 845 2329 clarioribus
883 2282 1100 2329 exterriti
1135 2282 1326 2331 duobus
1362 2282 1596 2330 trimetris
1624 2283 1772 2330 doch—

82 2365 242 2412 miaca
268 2364 472 2421 addunt,
501 2369 617 2426 post
645 2370 833 2413 sextam
861 2367 1221 2430 septimamque
1250 2368 1375 2414 vatis
1402 2367 1499 2414 iam
1528 2367 1772 2416 sedatiore

85 2449 247 2497 animo
277 2449 430 2496 fatum
472 2463 614 2496 suum
652 2450 944 2512 explicantis
985 2465 1175 2500 summo
1213 2466 1397 2513 angore
1433 2452 1563 2513 capti
1606 2452 1773 2514 lyricis

85 2537 276 2581 tantum
310 2533 479 2581 metris
516 2534 834 2596 respondent.
914 2534 1273 2583 Sententiarum
1311 2550 1427 2584 vero
1464 2551 1494 2582 a
1529 2536 1775 2586 choreutis

87 2618 512 2680 pronuntiatarum
541 2618 660 2666 ordo
687 2619 835 2682 plane
864 2619 1098 2668 abhorret
1124 2636 1154 2667 a
1181 2621 1524 2681 concinnitate,
1553 2634 1698 2685 quam
1726 2621 1774 2668 in

88 2701 311 2763 partibus
339 2700 648 2751 Cassandrae
677 2703 903 2751 admirati
924 2719 1128 2771 sumus:
1167 2705 1427 2753 Choreutae
1465 2706 1591 2753 enim
1628 2705 1774 2753 modo

87 2784 149 2832 ad
178 2783 507 2833 Cassandram
539 2802 591 2834 se
619 2792 833 2846 vertunt,
872 2788 1018 2836 modo
1054 2789 1179 2837 inter
1217 2804 1270 2837 se
1296 2789 1582 2852 loquuntur3
1627 2789 1774 2838 modo

86 2868 219 2917 illius
248 2869 480 2916 vaticinia
506 2870 744 2930 inhibent,
773 2872 918 2920 modo
959 2873 1138 2921 clarius
1180 2874 1273 2922 sibi
1310 2874 1480 2922 iubent
1516 2874 1773 2936 explicari3

88 2953 234 3002 modo
263 2954 322 3001 de
363 2955 490 3002 vatis
519 2956 748 3014 amentia,
777 2957 922 3005 modo
952 2957 1011 3005 de
1038 2962 1170 3006 metu
1205 2974 1293 3007 suo
1334 2965 1614 3021 queruntur.
1678 2958 1777 3006 Sed

88 3038 214 3086 hanc
242 3039 437 3100 quidem
467 3039 851 3103 discrepantiam
879 3042 1154 3090 rectissime
1194 3049 1312 3106 puto
1352 3059 1381 3090 a
1407 3048 1555 3105 poeta
1580 3043 1775 3091 institu-

90 3125 189 3169 tam
218 3137 349 3185 esse,
375 3128 429 3171 ut
467 3125 682 3172 animum
718 3125 886 3173 divina
922 3132 1025 3174 arte
1061 3127 1414 3175 inflammatum
1454 3127 1593 3189 quasi
1630 3128 1776 3175 certis

93 3207 326 3267 passibus
352 3208 414 3255 ad
442 3208 586 3257 finem
614 3211 862 3272 progredi,
900 3211 1132 3259 mortales
1169 3227 1284 3260 vero
1325 3212 1559 3273 profanos
1587 3216 1778 3260 secreta

91 3290 176 3337 illa
215 3295 262 3339 et
296 3292 508 3340 obscura
545 3307 641 3340 non
677 3300 1000 3356 assequentes
1034 3296 1086 3343 in
1118 3297 1335 3344 tenebris
1365 3311 1526 3343 errare
1553 3296 1774 3358 fingeret.

1415 3374 1438 3401 o
