2055 3589
1095 229 1161 280 26

283 408 443 457 officia
467 403 647 454 actoris
674 403 1002 452 enumeravit:
1039 396 1357 469 στιχομυθεῖν
1392 388 1448 447 δὲ
1481 399 1656 469 ἔλεγον
1689 396 1749 447 τὸ
1783 395 1897 468 πὰρ’
1923 399 1975 456 ἓν

282 489 503 558 ἰαμβεῖον
537 483 810 555 ἀντιλέγειν
845 484 928 533 καὶ
963 485 1022 532 τὸ
1048 489 1258 553 πρᾶγμα
1284 479 1623 553 στιχομυθίαν.
1673 485 1835 548 Atque
1861 499 1975 548 pro·

280 577 405 624 fecto
442 574 491 621 id
526 572 687 636 potuit
721 586 832 620 esse
868 571 1116 632 singulare
1153 569 1366 617 officium
1400 569 1683 628 histrionis,
1719 574 1776 618 ut
1799 584 1976 619 versus
2041 579 2047 588 ·

281 659 555 720 singulares
581 661 712 706 recte
740 656 982 713 recitaret,
1011 654 1197 717 quippe
1225 654 1307 717 qui
1333 654 1558 718 adprime
1579 669 1669 718 per
1689 654 1976 716 Euripidem

279 744 341 791 ad
375 741 742 790 altercationem
779 740 958 788 acerba
991 739 1233 787 brevitate
1260 744 1310 786 et
1332 739 1595 801 ingeniosa
1621 738 1871 787 celeritate
1895 753 1975 787 or·
2049 783 2055 794 ,

280 827 494 876 nandam
522 825 831 874 usitatissimi
858 824 973 871 facti
1000 828 1183 872 essent.
1236 823 1516 886 Aeschylus
1543 838 1660 872 vero
1688 838 1785 872 non
1812 823 1975 872 minus

279 913 415 960 illum
450 925 591 958 usum
626 909 859 968 excoluit,
897 923 1041 971 quem
1068 907 1380 957 Hermannus
1408 908 1481 957 El.
1510 908 1569 957 D.
1597 907 1661 956 M.
1690 907 1764 956 sic
1789 907 1974 956 descri-

278 997 370 1044 bit:
409 994 705 1057 ‘ubicunque
742 997 975 1041 const-ans
1005 991 1100 1041 sibi
1127 997 1274 1056 atque
1301 993 1575 1056 aequabilis
1602 992 1797 1042 affectio
1825 991 1974 1042 collo-

279 1077 529 1143 quentium
564 1079 832 1141 conspicua
866 1082 965 1138 est,
1004 1082 1059 1125 ut
1089 1078 1138 1125 in
1178 1078 1477 1145 sciscitando
1514 1077 1863 1140 narrandoque
1886 1091 1977 1139 per
2047 1100 2055 1135 3

279 1163 590 1226 colloquium,
617 1163 685 1210 ibi
711 1162 1002 1224 aequalibus
1024 1163 1216 1210 vicibus
1238 1177 1412 1210 versus
1438 1162 1567 1210 inter
1586 1175 1828 1225 personas
1850 1175 1977 1224 quae

279 1249 635 1311 colloquuntur,
664 1247 956 1295 distributas
983 1247 1240 1296 videmus.'

382 1332 803 1395 Frequentissima
829 1332 980 1394 igitur
1006 1338 1083 1380 est
1109 1332 1361 1395 oppositio
1388 1329 1717 1397 sinqulorum
1747 1329 1975 1379 versicu—
2053 1345 2055 1351 ·

277 1417 471 1479 lorum,
507 1432 632 1480 quae
665 1417 796 1479 apud
834 1417 1134 1478 Aeschylum
1174 1432 1232 1465 ex
1266 1417 1345 1464 his
1386 1417 1614 1465 versibus
1648 1417 1891 1479 incipiens
1927 1420 1977 1464 et
2049 1436 2055 1475 i

277 1518 368 1567 per
402 1503 493 1550 has
530 1503 663 1550 vices
702 1502 879 1550 iterat-a
915 1506 1047 1548 extat
1071 1501 1244 1564 Suppl.
1278 1503 1371 1549 193
1403 1497 1483 1564 (><
1520 1497 1586 1564 8).
1627 1503 1726 1550 282
1756 1497 1836 1565 (><
1875 1497 1973 1565 13).
2048 1530 2055 1562 2

278 1590 378 1636 320
411 1583 490 1651 (><
525 1590 570 1635 5.
606 1591 654 1644 1;
692 1603 804 1634 uam
839 1591 969 1634 recte
1005 1585 1215 1634 Krusius
1251 1586 1553 1634 novissimus
1590 1586 1753 1634 editor
1777 1584 1976 1648 Suppli-

275 1688 384 1721 cum
423 1688 501 1719 vv.
533 1674 626 1720 331
660 1676 709 1719 et
744 1672 842 1719 332
882 1672 989 1732 regi
1026 1667 1231 1732 tribuit).
1282 1673 1383 1718 439
1424 1667 1504 1734 (><
1541 1665 1606 1733 6).
1646 1671 1748 1718 490
1789 1666 1870 1734 (><
1905 1665 1974 1734 5).
2053 1703 2055 1706 <

279 1760 370 1805 881
415 1753 494 1820 (><
530 1752 595 1819 8).
649 1755 808 1804 Prom.
841 1758 939 1803 248
977 1751 1058 1820 (><
1092 1758 1140 1803 4.
1175 1760 1215 1802 1.
1247 1757 1293 1802 3.
1329 1750 1391 1818 1).
1435 1756 1534 1804 388
1571 1750 1654 1818 (><
1688 1756 1734 1803 3.
1772 1750 1830 1819 l).
1874 1757 1972 1803 517

277 1840 355 1900 (><
392 1839 532 1902 3.1).
589 1842 686 1888 616
729 1836 809 1902 (><
846 1837 988 1901 3.1).
1044 1841 1141 1887 625
1187 1838 1266 1902 (><
1301 1840 1442 1901 3.1).
1499 1841 1598 1888 746
1637 1834 1717 1903 (><
1758 1837 1820 1902 1).
1874 1842 1974 1889 758
2052 1899 2055 1904 Α

277 1924 355 1989 (><
397 1921 568 1988 11.1).
611 1926 710 1973 932
741 1922 821 1988 (><
854 1920 999 1987 4.1).
1041 1926 1137 1972 981
1172 1920 1251 1988 (><
1292 1919 1693 1973 1.1.1l2.1l2.><
1727 1920 1795 1988 3).
1842 1927 1969 1973 1001

280 2011 357 2072 (><
398 2007 459 2072 1).
511 2010 647 2058 Pers.
679 2011 771 2057 231
816 2007 896 2072 (><
941 2012 965 2056 7
1004 2005 1151 2072 tetr.).
1202 2011 1299 2057 342
1338 2006 1418 2073 (><
1458 2013 1500 2058 1.
1535 2004 1597 2071 l).
1651 2011 1752 2058 716
1791 2005 1873 2073 (><
1913 2011 1973 2058 12

276 2091 422 2156 tetr.).
466 2096 564 2142 794
594 2090 674 2156 (><
714 2098 754 2141 1.
791 2091 853 2157 1).
911 2094 1045 2156 Sept.
1078 2095 1176 2142 228
1217 2089 1297 2155 (><
1332 2095 1378 2142 9.
1414 2092 1478 2154 1).
1521 2096 1619 2142 693
1650 2091 1731 2158 (><
1765 2092 1833 2156 4).
1876 2096 1976 2143 784

278 2177 356 2242 (><
392 2181 436 2227 5.
474 2174 534 2242 l).
581 2181 710 2226 1026
741 2177 820 2240 (><
857 2181 900 2227 6.
937 2174 998 2241 1).
1053 2182 1225 2240 Agam.
1257 2180 1355 2226 253
1387 2175 1467 2241 (><
1503 2175 1642 2240 6.1).
1684 2181 1784 2227 516
1812 2174 1895 2242 (><
1929 2181 1975 2227 6.

283 2260 343 2327 1).
395 2266 492 2312 898
532 2261 611 2325 (><
648 2259 790 2326 6.1).
846 2265 972 2311 1161
1017 2258 1096 2325 (><
1132 2258 1199 2326 6).
1245 2264 1376 2310 1205
1416 2260 1496 2326 (><
1531 2259 1598 2327 5).
1645 2265 1775 2312 1258
1813 2259 1894 2328 (><
1927 2266 1976 2312 4.

275 2348 433 2397 interi.
465 2353 506 2396 1.
553 2360 609 2395 ><
655 2345 720 2411 2).
790 2349 919 2396 1619
958 2346 1038 2409 (><
1083 2351 1109 2395 3
1151 2344 1300 2408 teian).
1370 2350 1501 2396 1036
1548 2345 1629 2410 (><
1672 2351 1719 2396 3.
1762 2352 1783 2396 1
1825 2344 1977 2410 teta),

279 2432 616 2496 Choeph.101
652 2431 733 2494 (><
770 2431 833 2495 7).
882 2434 972 2480 161
1007 2429 1087 2495 (><
1125 2428 1190 2495 7).
1233 2433 1333 2480 210
1362 2428 1443 2495 (><
1477 2433 1522 2480 5.
1559 2428 1621 2495 1).
1662 2435 1761 2481 483
1793 2428 1874 2497 (><
1907 2428 1977 2497 4).
2037 2458 2042 2466 ·

283 2519 379 2564 497
413 2514 490 2579 (><
521 2514 581 2580 1).
624 2519 724 2565 520
755 2515 831 2580 (><
865 2512 998 2580 4.1).
1044 2519 1140 2565 753
1172 2513 1252 2581 (><
1278 2518 1385 2564 2.4.
1418 2528 1475 2563 ><
1501 2514 1633 2581 2.1).
1676 2519 1774 2566 873
1805 2513 1977 2581 (><1).

282 2604 381 2649 880
411 2597 489 2665 (><
529 2602 590 2662 1).
634 2604 734 2650 896
765 2597 844 2665 (><
885 2605 961 2651 10.
998 2598 1061 2664 1).
1133 2602 1274 2650 Ε11111.
1306 2603 1404 2649 200
1442 2598 1522 2662 (><
1557 2596 1623 2665 6).
1665 2602 1766 2649 224
1794 2597 1875 2665 (><
1909 2599 1979 2666 2).
2053 2647 2055 2660 2

281 2689 381 2734 410
412 2684 491 2746 (><
525 2684 590 2749 9).
633 2689 731 2734 578
762 2686 840 2749 (><
875 2689 1019 2747 9.1).
1063 2688 1161 2735 736
1192 2682 1272 2750 (><
1309 2682 1376 2748 2).
1418 2687 1517 2735 879
1548 2683 1627 2748 (><
1662 2681 1805 2749 5.1).
2054 2672 2055 2676 ’

383 2770 453 2817 Ex
480 2770 591 2819 aliis
619 2772 835 2820 numeris
863 2776 1028 2820 autem
1055 2771 1128 2820 sic
1153 2787 1184 2819 a
1204 2772 1435 2834 personis
1464 2771 1860 2834 colloquentibus
1887 2786 1976 2835 op·
2046 2815 2055 2841 r,

279 2856 455 2917 positis
492 2870 732 2903 versuum
773 2854 981 2921 quide-m.
1017 2853 1344 2922 sinyulorum
1379 2855 1515 2904 inter
1556 2853 1690 2904 duas
1723 2871 1978 2921 personas
2049 2843 2055 2847 ⁸

281 2936 621 3003 colloquentes
650 2939 962 3002 divisorum,
1002 2942 1181 3004 quibus
1210 2942 1437 2990 versibus
1464 2957 1494 2989 a
1519 2941 1772 2990 veteribus
1797 2955 1978 2989 nomen

281 3020 541 3086 ἀντιλαβαί
568 3025 771 3072 inditum
801 3026 952 3074 fuisse
972 3026 1250 3088 Hesychius
1277 3026 1498 3084 tradidit,
1526 3024 1657 3088 apud
1672 3025 1977 3087 Aeschylum
2030 3055 2041 3068 -

284 3109 478 3170 quidem
506 3109 699 3156 unicum
728 3112 1005 3173 exemplum
1032 3116 1082 3158 et
1105 3125 1202 3158 uno
1227 3126 1375 3159 versu
1403 3110 1688 3159 conclusum
1715 3114 1794 3158 est
1811 3109 1974 3158 Prom.
2047 3095 2055 3153 Ῐ

282 3194 405 3250 984,
443 3193 524 3254 qui
554 3207 725 3241 versus
761 3200 957 3256 praeter
983 3211 1068 3244 eos
1096 3195 1178 3258 qui
1207 3210 1316 3243 cum
1344 3195 1645 3243 carminibus
1672 3195 1975 3256 coniungun·
2037 3173 2043 3185 ⁹

281 3281 357 3322 tur
383 3276 518 3339 Sept.
551 3279 649 3325 200
681 3284 729 3325 et
752 3279 802 3325 in
828 3279 950 3328 locis
978 3295 1074 3328 non
1102 3281 1345 3343 exemptis
1373 3279 1679 3328 dubitatione
1706 3278 1843 3342 Sept.
1872 3279 1973 3327 932
2051 3348 2053 3350 ³
