2055 3589
856 219 920 269 21

0 432 4 444 .
44 394 149 443 vult
183 393 440 456 explicari3
482 392 800 454 quamobrem
834 391 972 439 illam
1005 389 1369 454 oppositionem
1395 391 1473 439 bis
1500 405 1729 440 senorum

0 494 4 525 ι
45 478 277 527 denorum
306 492 553 535 versuum,
581 492 727 539 quam
755 492 851 524 non
877 476 1060 538 requiri
1081 476 1248 538 priora
1272 476 1358 523 illa
1386 475 1480 523 du'o
1509 477 1732 539 exempla

0 580 2 606 ι
44 562 238 620 docent,
267 566 319 610 ut
345 562 602 610 obscurius
629 561 896 609 indicatam
921 560 970 607 in
998 560 1146 608 dubio
1175 560 1526 625 relinquamus.

86 747 108 777 N

852 769 920 829 II.

159 902 201 946 1.
242 898 346 946 Iam
374 897 416 946 si
443 898 503 945 ad
535 902 701 961 partes
725 898 932 946 diverbii
958 898 1008 945 in
1034 901 1320 960 argumento
1341 896 1583 945 indicatas
1604 901 1735 945 tran·
1812 911 1822 915 “

47 984 223 1040 simuS,
258 982 380 1030 illud
407 982 602 1044 quidem
632 998 875 1031 summum
904 997 1083 1044 genus,
1121 982 1251 1044 quod
1285 980 1524 1047 inyressu
1552 978 1737 1030 disces-

46 1081 211 1132 suque
235 1072 473 1115 actorum
500 1066 774 1123 definiatur,
804 1067 949 1115 simul
978 1067 1182 1115 canticis
1204 1066 1413 1115 choricis
1434 1065 1738 1115 interceden-

47 1152 179 1200 tibus
208 1151 359 1199 dividi
388 1151 630 1214 praecipit
656 1151 951 1199 Aristoteles
979 1151 1037 1199 A.
1066 1151 1118 1198 P.
1146 1150 1263 1212 XII,
1297 1154 1346 1198 1:
1385 1146 1507 1219 μέρη
1542 1146 1629 1218 μὲν
1656 1141 1739 1197 οὖν

47 1223 329 1303 τραγῳδίας
356 1270 397 1281 ..
435 1231 568 1281 κατὰ
595 1273 636 1283 ..
670 1231 729 1281 τὸ
764 1231 918 1282 ποσὸν
953 1232 1037 1282 καὶ
1073 1235 1137 1290 εἰς
1173 1235 1205 1281 ἃ
1242 1223 1501 1302 διαιρεῖται
1534 1250 1740 1303 κεχωρι-

49 1314 220 1386 σμένα,
245 1306 371 1365 τάδε
400 1315 524 1365 ἐστί·
551 1314 795 1387 πρόλογος
823 1306 1094 1366 ἐπεισόδιον
1123 1307 1291 1375 ἔξοδος
1315 1315 1520 1386 χορικόν.
1560 1319 1657 1369 Sed
1683 1334 1743 1368 ea

49 1403 267 1452 definitio
294 1403 499 1451 formam
528 1403 808 1464 generalem
844 1407 1059 1466 spectat,
1102 1418 1248 1465 quam
1283 1404 1596 1452 multifariam
1631 1404 1744 1453 reli-

50 1503 198 1552 quere
219 1491 397 1551 poetae
426 1487 655 1546 scaenici,
683 1503 828 1536 nemo
850 1492 1012 1536 autem
1033 1489 1336 1551 frequentius
1358 1503 1503 1551 quam
1524 1490 1745 1552 Aeschy-

50 1574 143 1621 lus·
191 1571 316 1620 Nam
351 1587 458 1620 cum
492 1572 542 1619 in
577 1561 863 1635 primordiis
891 1573 1176 1636 tragoediae
1205 1574 1423 1621 carmina
1449 1574 1645 1622 chorica
1671 1573 1744 1621 di·

50 1659 160 1706 visa
184 1657 365 1705 fuerint
392 1657 701 1705 sermonibus
730 1658 910 1707 actoris
933 1658 1240 1720 prodeuntiS,
1271 1657 1542 1720 Sophocles
1565 1663 1744 1718 autem,

51 1757 193 1805 quem
221 1741 525 1806 posteriores
556 1743 712 1789 secuti
741 1749 867 1802 sunt,
897 1757 993 1790 non
1023 1743 1127 1791 sine
1156 1743 1360 1791 consilio
1389 1747 1437 1790 et
1463 1747 1567 1791 arte
1594 1744 1746 1792 actio-

50 1842 161 1876 nem
190 1826 398 1874 diverbii
424 1827 523 1874 fere
552 1826 936 1888 cogitationibus
960 1843 1049 1890 per
1071 1828 1260 1876 cantica
1281 1828 1476 1877 chorica
1497 1829 1748 1891 expressis

52 1911 358 1975 interpellari
384 1911 576 1959 fecerit:
603 1911 880 1973 Aeschylus
910 1912 1035 1960 sicut
1061 1912 1356 1980 aliquotiens
1385 1912 1581 1976 (Suppl.
1608 1913 1747 1960 Eum.

52 1997 100 2044 in
137 1996 234 2044 fine
271 1995 406 2058 Sept.
444 1992 646 2059 Agam.)
684 1997 884 2044 chorum
923 2012 1019 2044 non
1067 2001 1398 2060 spectatorem
1441 1998 1749 2060 iudicemque

52 2081 290 2128 factorum
320 2085 368 2127 et
394 2095 580 2128 morum
610 2081 657 2128 in
682 2095 860 2129 scaena
882 2082 1267 2144 propositorum,
1297 2083 1385 2130 sed
1411 2083 1570 2145 ipsius
1598 2084 1749 2131 actio-

54 2166 131 2213 nis
167 2165 458 2227 participem
499 2180 611 2213 esse
647 2165 826 2224 voluit,
866 2165 935 2212 ita
973 2167 1121 2214 etiam
1160 2167 1376 2214 carmina
1412 2167 1608 2215 chorica
1643 2183 1751 2215 cum

55 2249 276 2298 diverbio
320 2249 637 2297 multifariam
682 2250 1007 2299 commiscuit.
1065 2251 1119 2299 In
1159 2251 1368 2299 actionis
1408 2251 1535 2299 enim
1582 2256 1750 2315 partes

56 2334 272 2382 carmina
299 2333 376 2381 vel
403 2334 641 2398 astropha
666 2334 828 2384 Prom.
860 2337 1173 2395 688—695,
1212 2335 1432 2399 Choeph.
1460 2338 1636 2383 145-
1655 2339 1749 2386 158

56 2418 209 2481 (quod
242 2418 551 2467 Hermannus
590 2426 752 2468 tamen
793 2420 1047 2483 strophica
1083 2421 1408 2483 responsione
1448 2420 1752 2482 adstrinxit),

58 2503 134 2551 vel
163 2518 220 2551 ex
246 2503 471 2566 pluribus
501 2505 718 2567 strophis
747 2506 1251 2568 composita-recepit,
1286 2505 1422 2552 velut
1445 2504 1620 2569 Suppl.
1650 2509 1749 2554 403

55 2589 246 2646 —420,
272 2587 410 2636 PerS.
435 2585 594 2636 636—
612 2591 727 2649 681,
755 2588 890 2653 Sept.
915 2591 1209 2638 852--931.
1251 2589 1433 2638 Contra
1453 2590 1752 2640 carminibus

60 2672 196 2720 chori
221 2677 413 2720 actores
441 2672 624 2721 adsunt
653 2689 749 2721 non
778 2675 939 2722 solum
964 2673 1099 2721 taciti
1126 2688 1217 2722 nec
1244 2674 1507 2737 quidquam
1530 2680 1752 2737 agentes,

59 2756 194 2805 velut
218 2756 538 2806 Prometheus
564 2758 615 2805 in
642 2759 863 2806 stasimis
889 2758 1103 2816 fabulae,
1139 2772 1263 2820 quae
1290 2759 1352 2807 ab
1380 2774 1436 2808 eo
1464 2775 1640 2808 nomen
1665 2760 1752 2808 ha-

58 2842 158 2900 bet,
187 2840 470 2889 Cassandra
497 2843 671 2903 Agam.
702 2844 879 2891 942-
898 2844 1014 2901 993,
1044 2842 1246 2891 Orestes
1273 2843 1411 2892 Eum.
1443 2846 1753 2903 253—272,

62 2927 385 2987 319-388,
420 2928 742 2985 483—554,
779 2927 865 2976 sed
896 2941 1049 2990 saepe
1077 2928 1223 2976 etiam
1252 2929 1541 2977 commatica
1565 2929 1754 2977 ratione

62 3011 329 3058 carminum
357 3011 628 3074 participes
656 3016 794 3069 sunt,
829 3013 964 3060 velut
998 3016 1196 3075 praeter
1230 3014 1520 3062 commatica
1553 3013 1640 3061 illa
1665 3013 1753 3060 mi-

62 3109 198 3152 nora,
240 3109 363 3157 quae
392 3110 544 3159 supra
571 3097 868 3155 enumeravi,
898 3097 1221 3146 Prometheus
1248 3097 1296 3145 in
1323 3098 1530 3161 parod0,
1559 3097 1754 3160 Clytae-

63 3185 281 3228 mnestra
300 3181 476 3242 Agam.
498 3184 557 3229 14
571 3185 583 3228 J
599 3183 697 3229 0—
713 3182 859 3241 1544,
890 3181 1109 3230 Minerva
1128 3182 1265 3231 Eum.
1285 3184 1614 3230 903—1002.
1655 3182 1756 3231 Nec

0 3261 1 3276 ¹
64 3277 180 3312 vero
217 3269 367 3327 poeta
401 3265 523 3314 illud
564 3267 873 3325 observavit,
911 3271 964 3314 ut
989 3266 1102 3315 dum
1130 3282 1374 3330 personae
1400 3283 1429 3316 a
1455 3281 1635 3316 scaena
1669 3268 1755 3316 ab·
