2055 3589
836 247 899 297 31

0 439 10 456 ν
35 417 189 480 verti,
222 425 279 468 ut
314 420 490 469 dehinc
528 435 626 468 non
660 419 929 468 Mercurius
955 416 1248 465 Prometheo
1284 415 1373 464 sed
1399 413 1722 482 Prometheus

0 496 9 546 l
35 504 275 554 Mercurio
301 504 603 567 respondeat
627 503 939 552 Hermannus
967 501 1249 549 observavit
1259 518 1271 558 ;
1309 498 1460 547 semel
1488 498 1539 546 in
1565 496 1721 546 Choe-

0 597 9 630 1
34 589 206 652 phoris
227 591 525 645 473—504‚
551 588 636 635 ubi
656 601 830 650 preces
853 586 1052 634 fratrum
1076 599 1133 632 ex
1161 597 1350 631 commo
1379 582 1725 631 continuantur

0 690 9 699 ·
34 673 296 733 trimetriS‚
336 673 513 736 quibus
548 687 656 719 cum
693 672 790 719 iam
817 670 1086 719 scholiasta
1110 669 1233 716 haec
1260 667 1389 730 apud
1417 666 1723 715 Dindorfium

1 767 7 797 τ
34 748 98 806 ad
125 773 171 805 V.
194 759 293 805 483
321 757 478 804 relata
501 756 854 817 adscripsisset
881 749 1108 801 ἐντεῦθεν
1136 749 1378 819 ἀμοιβαῖα
1402 746 1468 796 τοὶ
1492 746 1726 817 πρόςωπα

0 857 8 868 ·
36 835 275 908 Ὀρέστου
298 838 381 886 καὶ
400 835 684 906 Ἠλέκτρας,
705 843 900 905 πρῶτον
922 826 977 884 δὲ
1001 833 1104 902 [τὸ]
1128 830 1388 903 Ὀρέστου,
1414 834 1724 882 Hermannus

0 956 6 968 ·
35 925 164 974 hanc
189 924 588 987 aequabilitatem
612 923 849 971 restituit:
1223 970 1229 972 ,

0 1004 5 1014 ·
212 1003 344 1057 'Oa
373 1003 501 1056 'Ha
545 1011 589 1056 3.
621 1011 666 1056 3.
707 1005 773 1071 (1.
809 1004 1021 1066 1)><4.
1064 1008 1108 1054 3.
1141 1008 1185 1054 3.
1232 1009 1350 1053 1.1.
1393 1005 1525 1060 3.3;

328 1075 460 1106 v
550 1074 646 1104 ψ
733 1072 828 1102 ψ
1078 1071 1172 1101 ψ
1238 1070 1334 1099 ψ
1399 1068 1495 1098 ψ

0 1187 5 1220 ³
38 1193 180 1241 quam
207 1177 583 1240 responsionem
612 1191 718 1224 cum
747 1175 1018 1223 sententiae
1044 1174 1172 1221 inter
1208 1188 1260 1221 se
1297 1171 1582 1236 oppositae,
1621 1174 1726 1218 tum

0 1281 4 1290 ·
35 1277 184 1311 voces
228 1262 277 1308 in
321 1262 429 1323 pari
474 1261 591 1309 sede
630 1275 804 1308 versus
841 1259 920 1307 vel
959 1258 1020 1305 ab
1060 1258 1218 1304 altera
1253 1271 1469 1319 persona
1508 1246 1566 1318 (ὦ
1605 1256 1724 1302 483.

0 1369 3 1378 ·
37 1348 155 1405 484,
184 1339 404 1412 μέμνησο
432 1347 549 1393 485.
580 1347 697 1404 486,
725 1335 798 1410 ἆρ’
819 1345 935 1391 489.
961 1341 1099 1403 490),
1126 1342 1205 1389 vel
1232 1342 1293 1390 ab
1323 1341 1494 1389 eadem
1520 1341 1726 1388 iteratae

0 1442 2 1472 ι
38 1423 168 1493 (Ἠλ.
193 1426 338 1497 κάγώ
365 1431 482 1477 475.
511 1431 630 1487 480,
667 1423 769 1496 Op.
795 1423 954 1493 πάτερ
991 1429 1107 1475 485.
1137 1428 1256 1474 487.
1285 1422 1405 1486 489)
1445 1425 1566 1473 satis
1600 1423 1726 1471 indi-

0 1527 2 1557 =
37 1514 230 1562 cabant.

143 1598 239 1648 Sed
278 1599 574 1661 saepissime
614 1595 858 1661 definitur
896 1593 1038 1644 locus
1074 1590 1493 1660 stiekomytkz'cus
1530 1590 1730 1640 maiore

39 1680 220 1748 aliquo
257 1697 488 1731 numero.
547 1682 625 1730 Ita
656 1683 848 1730 initium
883 1681 939 1728 fit
974 1680 1280 1741 singulorum
1314 1678 1667 1727 versiculorum
1701 1691 1731 1724 a

0 1792 1 1796 =
39 1767 252 1816 disticho
293 1764 365 1830 (ut
407 1782 515 1815 cum
555 1767 837 1814 Hermanno
875 1766 1048 1813 latiore
1094 1763 1455 1825 significatione
1492 1762 1628 1809 vocis
1672 1775 1730 1809 ex

39 1853 230 1914 origine
266 1852 483 1915 petenda
516 1847 678 1915 utar),
718 1850 892 1913 Suppl.
922 1852 1040 1898 437.
1070 1851 1187 1897 488.
1227 1848 1388 1895 Prom.
1420 1847 1728 1895 614=623.

41 1938 158 1985 744.
215 1937 390 1998 Agam.
427 1938 572 1984 1634.
633 1935 851 1997 Choeph.
890 1936 1016 1993 2083
1068 1950 1098 1981 a
1140 1933 1361 1981 ternione
1407 1930 1582 1994 Suppl.
1616 1931 1728 1978 190.

40 2020 261 2084 Choeph‚
280 2023 394 2069 517.
424 2021 562 2068 Eum.
585 2021 699 2067 197.
723 2021 841 2077 4073
878 2019 1024 2066 etiam
1053 2018 1233 2080 duplex
1259 2015 1563 2079 prooemium
1589 2029 1731 2077 prae-

39 2106 249 2153 mittitur
283 2105 489 2153 duorum
514 2105 768 2153 binionum
796 2103 968 2166 Suppl.
998 2104 1114 2161 278,
1149 2101 1426 2149 ternionum
1452 2099 1588 2148 Pers.
1614 2101 1731 2147 788.

44 2189 184 2237 Eum.
214 2191 337 2250 5723
366 2191 740 2252 quaternionum
766 2188 927 2236 Prom.
960 2189 1085 2245 5093
1115 2186 1400 2249 quinionum
1424 2185 1587 2232 Prom.
1606 2185 1632 2230 7
1639 2185 1730 2240 483

46 2275 302 2323 senionum
327 2274 464 2323 Pers.
496 2277 594 2322 704
635 2270 803 2338 (tetr.).
863 2271 1265 2334 Stichomythiam
1306 2274 1469 2318 autem
1506 2270 1732 2317 binorum

43 2373 275 2407 versuum
295 2359 552 2422 praecedit
569 2359 727 2407 ternio
743 2356 961 2420 Choeph.
983 2360 1132 2415 1044,
1157 2357 1200 2403 is
1225 2355 1424 2417 quidem
1450 2369 1558 2401 cum
1583 2353 1732 2400 inter-

41 2443 252 2492 iectione
279 2445 594 2503 coniunctus,
630 2441 992 2506 quodammodo
1021 2442 1167 2489 etiam
1195 2441 1369 2501 Agam.
1394 2440 1519 2496 595,
1554 2452 1612 2486 ex
1637 2451 1732 2499 quo

43 2543 87 2576 v.
117 2529 295 2576 chorus
331 2529 392 2576 ad
429 2543 720 2591 praeconem
757 2542 810 2576 se
848 2526 1112 2584 convertit3
1149 2525 1280 2572 idem
1307 2538 1423 2571 vero
1451 2522 1733 2570 molestiore

40 2614 321 2661 turbatione
355 2613 563 2661 rationis
600 2627 690 2676 pro
717 2613 915 2660 binione
942 2612 989 2658 in
1019 2609 1226 2670 singulis
1254 2608 1480 2669 binisque
1505 2606 1733 2655 versibus

43 2698 357 2760 opponendis
397 2698 725 2760 praemittitur
751 2696 911 2744 Prom.
943 2696 1024 2743 36.
1077 2694 1286 2757 Saepius
1314 2696 1476 2740 autem
1502 2692 1733 2740 termina-

43 2785 124 2828 tur
150 2781 498 2842 stichomythia
523 2781 707 2829 maiore
735 2794 962 2836 numero,
999 2793 1139 2841 quem
1179 2779 1300 2825 scite
1327 2778 1736 2840 comparaverunt

45 2880 153 2913 cum
189 2866 374 2914 maiore
412 2865 629 2928 pondere
667 2865 807 2912 alteri
835 2864 930 2911 utri
959 2863 1170 2910 lancium
1199 2877 1287 2925 per
1313 2861 1509 2924 aliquod
1536 2865 1733 2921 tempus

45 2965 198 3012 aeque
237 2956 548 2998 oneratorum
587 2950 837 3011 imposito.
889 2948 966 2995 Ita
993 2947 1172 3008 singuli
1200 2962 1373 2995 versus
1401 2946 1592 2993 duobus
1620 2958 1733 2991 con-

43 3034 223 3088 iunctis
275 3035 568 3082 clauduntur
616 3033 790 3096 Suppl.
834 3035 950 3081 308.
1008 3032 1170 3080 Prom.
1203 3034 1317 3080 781.
1374 3031 1550 3091 Agam.
1585 3029 1734 3076 1643.

48 3116 269 3182 Choeph.
301 3121 416 3168 882.
449 3120 564 3166 917.
614 3118 752 3166 Eum.
783 3119 899 3176 597,
938 3116 1159 3164 ternione
1196 3116 1333 3164 Pers.
1366 3117 1489 3170 245,
1542 3116 1734 3175 quater-

45 3203 192 3251 nione
217 3203 379 3251 Prom.
400 3205 516 3252 395.
541 3204 657 3262 524,
685 3202 877 3250 duobus
905 3201 1186 3249 binionibus
1213 3200 1347 3248 Pers,
1368 3200 1482 3246 797.
1511 3196 1733 3259 Choeph.

53 3288 169 3346 766,
195 3287 500 3336 ternionibus
521 3287 659 3334 Eum.
679 3288 804 3345 2283
830 3287 943 3333 item
973 3284 1233 3347 responsio
1259 3285 1483 3332 binorum
1505 3295 1735 3330 versuum
