2055 3589
809 76 841 142 Χ

862 245 926 295 53

62 417 204 475 nicis,
226 418 366 479 quasi
387 419 589 466 minoris
610 418 839 465 momenti
863 418 927 465 sit
945 417 1197 477 omittitur,
1226 422 1409 477 contra,
1436 417 1550 480 quid
1573 432 1627 465 ex
1656 419 1738 464 illo

65 500 324 562 sacrilegio
351 502 416 550 sit
441 506 741 561 eventurum,
769 503 947 550 clarius
976 502 1274 565 exprimitur.

168 585 224 633 In
259 591 394 634 sexto
432 601 546 634 vero
586 587 716 648 regis
756 601 994 649 responso
1030 587 1326 636 Ritschelius
1365 587 1527 649 plures
1568 602 1739 635 versus

63 669 220 727 eiecit,
248 685 370 733 quos
397 671 683 733 plerumque
709 676 840 720 recte
867 671 1146 720 defendisse
1175 672 1364 719 videtur
1390 672 1619 721 Keckius,
1669 672 1742 720 lta

65 769 170 802 cum
193 753 492 803 Ritschelius
515 755 761 817 duplicem
787 756 1203 819 comparationem
1226 758 1497 805 583-589
1520 757 1567 804 in
1595 772 1740 805 unam

64 839 387 888 contraxisset
412 839 638 888 versibus
666 842 937 889 585—587
966 841 1217 899 eiciendiS,
1245 841 1373 903 quod
1400 841 1555 889 altera
1579 841 1740 902 imago

62 924 180 972 iusti
216 924 308 971 viri
341 938 449 972 cum
485 924 603 972 urbe
638 924 820 972 iniusta
851 926 1138 974 intereuntis
1174 929 1226 974 et
1257 926 1303 973 in
1332 929 1555 973 naturam
1582 941 1741 974 rerum

63 1013 113 1056 et
137 1008 187 1056 in
211 1008 451 1057 rationem
473 1008 714 1071 poeticam
744 1014 985 1073 peccaret,
1014 1010 1227 1059 Keckius
1255 1015 1510 1073 utrumque
1536 1011 1638 1058 iure
1659 1025 1740 1059 ne-

64 1094 198 1156 gavit
223 1098 273 1142 et
297 1108 442 1142 voces
469 1094 695 1162 ἄγρευμα
720 1093 769 1142 et
795 1083 976 1161 μάστιξ
1000 1111 1030 1142 a
1054 1095 1322 1144 Ritschelio
1349 1095 1410 1143 ad
1438 1095 1741 1157 naufragium

64 1178 247 1227 relatas
273 1179 322 1226 in
344 1178 713 1240 Agamemnone
740 1178 1032 1241 aliquotiens
1053 1179 1113 1228 (le
1133 1179 1263 1228 bello
1291 1181 1514 1242 usurpari
1539 1180 1741 1228 monuit.

64 1263 302 1325 Equidem
337 1277 397 1311 ne
433 1278 478 1310 v.
508 1264 601 1310 591
644 1263 868 1325 quidem,
908 1278 1049 1326 quem
1085 1264 1379 1312 Ritschelius
1418 1279 1474 1313 ex
1510 1264 1742 1326 proximis

64 1347 288 1396 versibus
327 1347 504 1395 misere
544 1361 792 1395 corrasum
831 1362 919 1409 pro
960 1348 1241 1397 sublimiore
1279 1349 1440 1411 aliquo
1484 1350 1743 1411 irrepsisse

65 1431 340 1490 contendit,
367 1447 398 1478 a
424 1431 737 1494 simplicitate
765 1432 1042 1494 Aeschylea
1067 1433 1328 1482 abhorrere
1355 1435 1592 1482 existimo.

171 1516 353 1566 Contra
378 1516 593 1565 Keckius
629 1520 682 1564 ut
714 1518 809 1564 iam
847 1521 992 1565 antea
1025 1517 1327 1580 Hartungius
1362 1518 1537 1566 iniuria
1571 1534 1615 1566 v.
1645 1520 1742 1566 582

64 1601 337 1660 revocavit,
366 1615 572 1663 eumque
598 1601 667 1649 ita
688 1617 793 1649 cum
821 1603 1224 1651 antecedentibus
1252 1603 1522 1662 coniunxit,
1549 1607 1602 1651 ut
1626 1604 1743 1651 scri·

64 1687 202 1735 beret
227 1682 410 1754 καρπὸς
437 1685 494 1732 οὐ
520 1680 780 1753 κομιστέος
813 1687 936 1743 ἄτης
970 1683 1175 1754 ἀρούρας
1211 1683 1425 1744 θάνοιτος
1460 1677 1745 1754 ἐκκαρπίζε-

64 1786 159 1818 ται.
211 1772 278 1819 At
313 1775 540 1834 potestne
580 1773 702 1827 ἄτης
740 1767 923 1839 &ponpa
961 1772 1429 1821 nulla‘accuratiore
1466 1773 1745 1822 definitione

65 1857 295 1905 adiuncta
332 1855 460 1904 idem
501 1856 749 1904 declarare
790 1871 932 1918 quam
973 1854 1139 1924 ὁμιλία
1178 1849 1348 1910 adan?
1397 1858 1517 1905 Tum
1560 1858 1748 1906 accedit

65 1946 262 2005 praeter
289 1957 493 2004 pravum
524 1942 873 1989 sententiarum
901 1957 1073 1990 nexum
1100 1943 1334 1990 inusitata
1354 1943 1488 1991 verbi
1516 1941 1744 2010 ἐκκαρπί-

66 2016 239 2084 ζεσῦαι
265 2027 434 2074 forma.
487 2025 660 2088 Itaque
685 2041 859 2074 versus
887 2027 979 2074 erit
1010 2023 1184 2094 γνώμῃ
1220 2027 1470 2089 adscripta
1504 2032 1648 2090 atque
1684 2029 1745 2076 ob

66 2126 238 2161 vocem
278 2105 491 2166 θάνατος
529 2126 618 2173 pro
657 2111 872 2173 pernicie
911 2115 1221 2173 usurpatam,
1269 2116 1322 2159 ut
1359 2112 1454 2160 iam
1492 2113 1746 2161 Dobraeus

69 2197 282 2253 censuit,
311 2195 580 2244 christiana
606 2210 663 2243 ex
691 2195 852 2244 verbis
878 2196 1094 2258 apostoli
1123 2201 1318 2258 sumpta
1344 2197 1488 2259 epist.
1517 2198 1577 2245 ad
1606 2197 1744 2245 Rom.

70 2284 116 2339 6,
145 2283 207 2330 23
236 2275 301 2327 τοὶ
327 2277 420 2349 γὰρ
449 2271 636 2345 ὀψώνια
660 2284 749 2336 τῆς
776 2277 1017 2348 ἁμαρτίας
1044 2276 1269 2336 θάνατος.

171 2366 432 2414 Praeterea
480 2364 821 2428 interpolatori
870 2366 965 2413 iam
1016 2365 1207 2427 pridem
1253 2366 1532 2414 Dindorfius
1582 2366 1749 2414 tribuit

68 2468 113 2499 v,
143 2452 270 2509 594,
309 2451 392 2513 qui
417 2465 514 2498 non
541 2450 814 2508 eicienduS‚
844 2450 930 2498 sed
959 2450 1293 2499 emendandus
1321 2455 1396 2499 est
1406 2470 1418 2510 ;
1446 2455 1591 2513 atque
1619 2451 1744 2514 opti-

67 2551 197 2584 mam
223 2535 613 2584 emendationem
642 2535 834 2584 videtur
859 2534 1222 2584 Heimsoethius
1258 2536 1627 2598 suppeditasse,
1665 2536 1747 2597 qui

68 2617 270 2688 καμπὴν
305 2635 394 2683 pro
433 2619 634 2686 πομπὴν
669 2620 884 2683 scripsit.
937 2619 1034 2669 Cur
1072 2635 1186 2668 vero
1223 2636 1265 2667 v.
1298 2622 1395 2669 604
1431 2636 1460 2668 a
1494 2620 1745 2669 Dindorfio

68 2719 157 2767 pro
183 2705 479 2767 interpolato
506 2705 702 2752 habitus
730 2704 808 2764 sit,
838 2719 934 2752 non
959 2719 1211 2766 assequor.

173 2788 278 2837 Iam
305 2794 357 2837 ut
384 2789 444 2836 ad
473 2789 674 2837 lacunas
701 2794 973 2847 transeam,
1010 2789 1328 2846 RitscheliuS,
1364 2804 1506 2851 quem
1534 2789 1747 2838 Keckius

70 2879 267 2924 secutus
303 2878 402 2932 est,
440 2888 635 2922 versum
672 2874 912 2923 excidisse
940 2875 1130 2936 putavit
1157 2879 1269 2936 post
1296 2876 1418 2932 584,
1456 2890 1550 2937 quo
1577 2875 1636 2923 ad
1665 2873 1747 2921 καὶ

69 2957 342 3029 πανουργίᾳ
368 2956 459 3006 τινὶ
486 2959 778 3007 adiectivum
806 2959 881 3007 vel
912 2959 1220 3022 participium
1248 2975 1353 3007 cum
1382 2955 1605 3006 νκύταισι
1635 2974 1747 3007 con-

70 3047 287 3094 iunctum
324 3045 612 3103 accesserit3
650 3059 942 3107 quamquam
969 3044 1203 3092 maiorem
1231 3045 1626 3106 probabilitatem
1654 3045 1746 3092 for-

71 3134 209 3179 tasse
225 3130 428 3180 habebit
448 3129 592 3178 lectio
614 3129 833 3178 codicum
856 3129 964 3177 Par.
982 3129 1038 3178 K.
1056 3129 1106 3176 L.
1130 3126 1180 3175 ἐν
1205 3128 1478 3196 πανουργίᾳ
1502 3125 1619 3187 τινί;
1646 3133 1747 3176 tum

73 3214 286 3278 plurium
313 3231 541 3265 versuum
568 3219 681 3263 ante
709 3231 753 3263 v.
784 3216 908 3273 606,
947 3214 1090 3263 simul
1119 3230 1162 3263 v.
1195 3217 1293 3263 600
1319 3215 1413 3262 huc
1437 3214 1605 3262 relato.
1659 3214 1748 3261 At-

74 3314 168 3362 que
201 3300 249 3347 in
278 3317 322 3348 v.
355 3303 452 3349 600
490 3317 545 3349 cx
581 3315 670 3348 sua
704 3300 819 3349 sede
857 3299 1083 3363 pellendo
1118 3299 1232 3347 mibi
1261 3314 1452 3362 quoque
1480 3298 1748 3362 persuasit:
