2055 3589
914 130 947 183 3

91 308 175 356 alii
198 306 405 362 trimetri
433 308 744 364 canerentur,
783 304 867 352 alii
902 304 1222 353 recitarentur
1255 301 1316 349 ad
1344 301 1672 364 pulsationem
1694 301 1768 348 in-

93 396 484 441 strumentorum.
542 388 750 450 Quinam
775 404 891 437 vero
919 402 1092 436 versus
1119 403 1176 435 ex
1201 386 1471 448 tragoediis
1498 385 1641 434 nobis
1669 400 1768 432 ser·
1813 390 1817 393 ’

92 477 219 524 vatis
247 475 453 535 cantati,
490 475 687 536 quinam
712 473 776 521 ad
801 474 1127 535 pulsationem
1154 472 1344 519 recitati
1378 471 1498 529 sint,
1537 469 1769 518 confiten-

93 561 209 609 dum
235 564 311 608 est
336 575 425 608 nos
451 559 666 616 nescire,
700 559 813 620 quin
842 573 901 606 ne
927 557 977 606 id
1005 556 1201 620 quidem
1228 559 1469 627 constare,
1497 569 1659 603 annon
1683 554 1772 602 ali-

94 661 189 709 qua
213 660 330 708 pars
355 645 684 692 trimetrorum
713 643 819 691 sine
847 646 991 691 cantu
1020 647 1069 691 et
1094 642 1199 691 sine
1226 641 1564 690 instrumentis
1584 640 1774 688 recitati

93 731 207 779 sint.
256 730 361 778 Imo
388 728 697 776 Hermannus
725 728 918 790 quidem
952 729 1001 775 in
1030 726 1376 775 commentario
1405 726 1465 772 ad
1493 725 1774 773 Aristotelis

93 817 261 864 Artem
296 814 541 862 Poeticam
578 812 700 871 XII,
732 814 776 870 7,
814 829 861 875 p.
892 815 984 860 138
1023 813 1083 860 ab
1111 811 1402 860 Archilocho
1439 810 1487 858 id
1525 810 1774 857 inventum

94 914 204 948 esse
238 900 433 957 statuit,
469 903 522 945 ut
547 897 753 945 trimetri
780 897 827 944 in
857 897 1026 945 eodem
1055 897 1162 945 loco
1190 897 1249 944 ad
1279 896 1605 959 pulsationem
1633 894 1774 942 alter-

93 985 170 1034 nis
205 984 396 1033 vicibus
432 987 721 1032 canerentur
756 987 805 1030 et
835 982 1177 1039 recitarentur3
1210 972 1376 1043 itaque
1416 981 1562 1028 etiam
1596 980 1646 1027 in
1678 983 1775 1027 tra-

96 1069 284 1130 goediis
311 1069 557 1117 trimetros
585 1068 820 1130 quosdam
850 1071 1072 1115 cantatos
1101 1081 1228 1125 esse,
1256 1081 1379 1128 quos
1405 1066 1488 1127 qui
1515 1079 1774 1128 sequeren-

95 1159 173 1201 tur
209 1154 284 1202 vel
323 1153 594 1216 praeirent,
644 1153 705 1200 ad
744 1153 1071 1214 pulsationem
1111 1166 1208 1199 non
1243 1151 1643 1199 intermittentem
1681 1150 1780 1198 sint

95 1239 298 1286 recitati.
359 1237 444 1286 Cui
487 1237 758 1285 definitioni
798 1242 989 1284 cantum
1019 1236 1445 1299 pulsationemque
1473 1235 1644 1299 paucis
1669 1239 1773 1283 tan-

95 1327 198 1370 tum
234 1321 354 1371 locis
389 1326 437 1369 et
473 1322 533 1370 iis
572 1322 884 1384 potissimum
926 1321 1007 1383 qui
1043 1320 1290 1369 trimetros
1333 1335 1442 1369 cum
1481 1320 1775 1369 carminibus

97 1407 396 1469 coniungant
422 1407 705 1455 concedenti
733 1407 825 1455 etsi
852 1406 1128 1455 Boeckhius
1157 1404 1258 1465 (Fr.
1287 1422 1332 1454 v,
1355 1406 1608 1454 Raumer’s
1635 1406 1777 1454 Anti-

97 1492 353 1554 quarische
379 1491 539 1540 Briefe
567 1507 615 1555 p.
640 1491 728 1554 47)
755 1507 850 1539 non
878 1492 1025 1555 plane
1052 1491 1254 1551 accedit,
1291 1496 1454 1540 tamen
1483 1506 1566 1539 eas
1591 1496 1779 1539 tantum

98 1577 304 1626 diverbii
345 1582 536 1641 partes,
576 1578 752 1640 quibus
792 1577 1054 1639 singularis
1095 1578 1340 1625 contentio
1376 1578 1493 1626 insit
1531 1577 1665 1626 sonis
1693 1578 1778 1625 ad-

97 1663 432 1726 strepentibus
465 1664 696 1712 recitatos
732 1678 843 1712 esse
879 1667 1060 1711 censet.
1118 1664 1181 1712 Et
1214 1649 1433 1727 profecto
1471 1663 1580 1726 quis
1616 1664 1782 1711 credet

99 1753 295 1796 cantum
331 1748 408 1796 vel
445 1763 593 1797 sonos
631 1749 1064 1797 instrumentorum
1094 1748 1377 1798 accessisse
1412 1749 1472 1797 iis
1512 1748 1659 1809 lociS,
1700 1750 1782 1811 qui

98 1834 340 1881 actionem
386 1834 687 1881 celerrimam
733 1834 1035 1891 contine-ant,
1078 1833 1209 1881 velut
1244 1833 1292 1881 in
1329 1833 1659 1896 ChoephoriS,
1698 1834 1781 1882 ubi

100 1934 272 1967 servus
298 1919 430 1980 regis
458 1924 661 1967 mortem
690 1919 892 1977 nuntiet,
922 1918 998 1966 vel
1026 1919 1086 1967 iis
1110 1919 1493 1981 Agamemnonis
1522 1918 1780 1982 Choepho-

97 2019 357 2066 rorumque
384 2004 631 2066 partibus.
672 2019 795 2066 quae
822 2018 983 2051 mores
1009 2004 1260 2051 hominum
1285 2003 1597 2052 humiliorum
1622 2007 1676 2051 ut
1702 2018 1780 2051 cu-

101 2089 256 2138 stodis
283 2094 329 2136 et
356 2089 559 2136 nutricis
589 2089 800 2137 vitamve
826 2089 1163 2151 quotidianam
1196 2089 1470 2150 imitentur,
1503 2089 1638 2137 velut
1664 2088 1779 2137 Ore-

100 2179 201 2223 stes
228 2179 433 2222 mortem
462 2189 599 2222 suam
620 2174 763 2222 matri
782 2174 1000 2223 referens
1021 2175 1081 2223 ab
1105 2189 1256 2237 eaque
1277 2174 1495 2236 hospitio
1516 2175 1780 2237 acceptus?

100 2259 421 2307 Verissimum
447 2259 596 2321 igitur
623 2259 831 2317 videtur,
869 2275 951 2308 eas
979 2264 1167 2308 tantum
1195 2264 1376 2323 parteS,
1405 2275 1529 2322 quae
1557 2261 1779 2308 carmini-

98 2344 191 2392 bus
217 2344 529 2406 implicentur
555 2350 604 2393 et
629 2359 737 2404 eas,
778 2360 902 2407 quae
930 2346 980 2393 in
1006 2351 1292 2408 argumento
1320 2346 1460 2407 gravi
1487 2351 1534 2394 et
1560 2346 1779 2406 statariO,

100 2429 330 2492 precibus
365 2429 592 2479 lamentis
632 2431 993 2480 narrationibus
1029 2435 1309 2489 versentur,
1351 2431 1414 2478 ad
1451 2431 1781 2494 pulsationem

100 2518 185 2562 aut
218 2518 438 2563 cantatas
473 2520 558 2564 aut
589 2517 819 2565 recitatas
857 2532 991 2577 esse,
1026 2517 1240 2579 reliquas
1276 2531 1391 2565 vero
1425 2517 1638 2580 simplici
1674 2518 1780 2566 voci

99 2600 306 2648 tributas
332 2600 500 2650 fuisse.
544 2600 683 2662 Quod
710 2606 873 2650 autem
901 2602 959 2650 de
986 2601 1237 2660 trimetriS,
1263 2602 1393 2649 idem
1419 2601 1518 2650 fere
1546 2603 1605 2650 de
1632 2606 1779 2650 tetra-

102 2685 270 2733 metris
306 2686 512 2745 valebit3
557 2701 646 2734 nec
682 2687 886 2735 multum
925 2688 1108 2735 afuisse
1145 2687 1361 2735 rationes
1399 2691 1779 2750 anapaestorum

103 2769 334 2817 credibile
361 2774 452 2829 est,
478 2771 573 2819 nisi
599 2772 730 2834 quod
757 2787 926 2820 omnes
952 2777 1250 2835 anapaestos
1276 2772 1340 2821 ad
1360 2772 1530 2821 tibiam
1549 2773 1778 2822 recitatos

103 2868 214 2903 esse
240 2853 548 2904 Hermannus
574 2857 897 2919 probabiliter
922 2857 1106 2906 statuit.

208 2939 330 2987 Tum
361 2940 601 2989 actionem
635 2941 926 2990 h1strionum
965 2942 1095 3004 apud
1131 2946 1322 2991 veteres
1363 2942 1776 3005 simplicissimam

104 3028 152 3072 et
177 3024 518 3085 gravissimam
544 3026 697 3074 fuisse
724 3031 773 3075 et
798 3042 855 3075 ex
881 3027 1106 3075 irrisione
1132 3025 1347 3084 Luciam,
1376 3028 1436 3075 de
1458 3028 1567 3075 salt.
1589 3027 1779 3075 XXVII

105 3110 292 3158 discere
317 3111 432 3159 licet
457 3116 507 3158 et
532 3112 593 3160 ob
615 3117 853 3171 ornatum,
884 3127 1025 3174 quem
1048 3112 1322 3174 Aeschylus
1343 3113 1547 3173 invenit,
1575 3126 1778 3161 consen·

103 3198 301 3243 taneum
327 3201 416 3244 est.
476 3196 601 3244 Nam
628 3210 716 3258 per
742 3211 980 3259 personas
1009 3211 1178 3246 omnes
1206 3197 1425 3259 argutiae
1452 3197 1616 3245 vultus
1642 3201 1780 3245 erant

1391 3275 1410 3316 1
1425 3276 1445 3294 .
