2055 3589
868 80 934 132 45

61 255 284 318 exempla
302 254 343 303 si
364 254 600 316 requiraS,
628 254 850 302 invenias
871 253 934 302 ad
960 256 1179 302 nostrum
1205 252 1365 300 locum
1391 251 1731 301 illustrandum

59 339 320 403 aptissima
343 338 391 386 in
419 339 780 387 enumeratione
807 342 997 401 septem
1024 337 1199 385 ducum
1222 334 1277 384 Ο.
1295 335 1346 385 C.
1375 337 1733 396 1313—1322,

60 423 227 485 Eurip.
255 422 438 470 Phoen.
467 424 754 482 119—192,
787 423 1143 471 1104—1140.
1184 419 1284 469 Nec
1304 421 1435 480 enim·
1458 421 1579 469 satis
1604 426 1735 469 recte

60 507 426 556 Heimsoethius
463 508 513 556 in
550 508 707 570 primo
746 507 854 555 loco
893 507 1050 556 solum
1089 506 1258 554 matris
1296 520 1474 554 nomen
1510 506 1737 569 proponi,

60 592 218 656 ipsius
239 597 400 640 autem
426 592 637 641 hominis
664 607 841 640 nomen
867 591 1031 656 paullo
1058 596 1174 653 post
1199 591 1336 652 sequi
1365 590 1541 650 voluit,
1569 605 1735 653 quem-

61 677 325 725 admodum
352 676 662 739 Melanippus
690 693 734 724 v.
765 679 862 725 388
890 670 1134 722 Ἀστακοῦ
1171 677 1341 736 τόκος,
1375 690 1420 723 v.
1451 676 1548 723 395
1576 678 1736 723 autem

61 762 262 825 proprio
297 760 492 809 nomine
528 761 828 824 appelletur:
864 777 978 808 nam
1012 764 1180 809 nostro
1215 760 1321 809 Ioco
1358 774 1418 807 ne
1453 764 1609 808 mater
1634 760 1736 822 qui-

62 846 171 894 dem
199 846 378 895 diserte
405 846 676 906 nominata,
705 846 791 894 sed
819 846 1024 894 obscure
1049 849 1238 893 tantum
1265 844 1514 908 descripta
1539 848 1631 892 est.

165 930 336 993 Itaque
362 933 531 989 restat,
558 935 612 978 ut
638 945 743 978 cum
766 929 939 978 Weilio
967 930 1237 989 credamuS,
1265 933 1462 992 poetam
1488 929 1738 977 iuventute

61 1018 109 1063 et
134 1014 516 1077 pulchritudine,
556 1019 654 1063 tum
695 1015 920 1064 fabulosa
947 1015 1134 1076 origine
1169 1014 1259 1062 viri
1301 1020 1350 1062 et
1385 1028 1556 1062 rursus
1595 1014 1738 1061 minis

61 1100 166 1148 eius
200 1100 481 1161 ingentibus
517 1100 800 1149 enarrandis
837 1099 1224 1162 expectationem
1268 1102 1597 1162 spectatorum
1637 1114 1738 1147 mo—

63 1184 219 1243 visse,
248 1185 324 1232 cui
350 1185 524 1233 deinde
550 1185 659 1248 ipso
687 1186 879 1233 nomine
905 1185 956 1232 in
981 1184 1076 1232 fine
1102 1184 1349 1232 afferendo
1374 1183 1568 1245 egregie
1596 1183 1739 1231 satis-

62 1268 251 1328 fecerit;
288 1284 383 1331 qua
415 1269 603 1317 ratione
629 1269 839 1332 probata
863 1273 1095 1331 apparet,
1131 1283 1217 1316 cur
1248 1272 1395 1332 poeta
1426 1272 1582 1316 totum
1609 1268 1738 1316 ordi-

61 1367 172 1400 nem
200 1353 492 1402 narrationis
519 1353 784 1402 inverterit.

166 1438 326 1501 Atque
374 1439 495 1487 haec
545 1438 765 1486 defensio
816 1437 1000 1486 ordinis
1051 1437 1216 1486 traditi
1266 1453 1361 1485 non
1421 1438 1742 1486 labefactatur

61 1522 246 1571 ultimis
280 1523 506 1572 versibus
540 1523 830 1571 tractandis:
874 1523 924 1570 in
959 1522 1136 1585 quibus
1170 1537 1349 1571 nomen
1381 1521 1741 1585 Parthenopaei

63 1607 125 1656 ob
160 1607 452 1656 insolentem
480 1608 724 1656 secundae
760 1606 980 1670 syllabae
1007 1607 1290 1670 prosodiam
1323 1607 1439 1655 ferri
1471 1621 1567 1655 non
1593 1621 1743 1670 posse

63 1692 222 1740 visum
259 1697 348 1740 est.
432 1691 538 1753 Qua
572 1692 630 1741 de
666 1692 953 1755 quaestione
988 1692 1143 1740 multa
1179 1692 1226 1740 in
1265 1696 1518 1754 utramque
1553 1695 1743 1755 partem

66 1776 162 1824 dici
189 1781 398 1840 possunt
433 1782 481 1825 et
507 1777 637 1825 dicta
671 1783 804 1825 sunt:
842 1777 976 1825 illinc
1001 1777 1258 1839 analogiae
1295 1776 1532 1825 severitas
1565 1776 1743 1840 premi-

63 1865 156 1922 tur,
182 1862 295 1909 hinc
322 1862 644 1923 gravissimae
672 1877 849 1911 causae
872 1862 1162 1920 afferuntur,
1203 1876 1287 1909 cur
1311 1861 1541 1923 analogia
1574 1860 1746 1908 relicta

65 1946 142 1994 sit.
193 1945 316 1994 Nam
344 1947 553 2010 primum
578 1947 836 2010 productio
863 1947 1028 1995 brevis
1056 1946 1276 2009 syllabae
1303 1961 1401 1994 non
1428 1950 1560 1994 caret
1585 1959 1743 1993 exem-

64 2030 186 2094 plis:
216 2047 266 2079 m
290 2032 383 2080 hac
409 2032 521 2095 ipsa
546 2032 801 2094 tragoedia
827 2048 870 2080 v.
900 2033 998 2080 469
1029 2046 1203 2080 nomen
1230 2018 1600 2098 Ἱππόμέδοντος
1625 2045 1743 2093 pen-

62 2116 385 2165 themimerim
413 2121 643 2180 occupat,
683 2116 812 2179 quod
846 2115 1068 2179 exemplo
1096 2115 1372 2179 Sophocleo
1400 2110 1745 2180 Ἀλφὲσιβοίαν

64 2201 225 2249 firmat
249 2201 529 2250 Priscianus
567 2217 597 2249 a
620 2200 888 2250 Ritschelio
924 2215 1042 2249 sane
1077 2201 1207 2249 omni
1235 2200 1521 2249 auctoritate
1562 2200 1743 2263 spolia-

63 2291 143 2334 tus
156 2306 168 2345 ;
209 2286 418 2348 denique
453 2285 584 2348 apud
619 2285 826 2334 eundem
852 2285 1145 2349 Sophoclem
1181 2285 1256 2332 Ai.
1287 2287 1387 2333 210
1422 2284 1534 2334 libri
1561 2279 1744 2331 Τελεὺ-

63 2386 241 2427 ταντος
273 2385 363 2434 pro
399 2370 602 2434 dipodia
636 2371 955 2434 anapaestica
988 2370 1240 2434 praebent.
1298 2368 1401 2417 Nec
1432 2370 1556 2418 ratio
1591 2370 1745 2428 deest,

66 2470 162 2518 qua
194 2456 326 2504 illam
363 2455 735 2519 productionem
769 2470 999 2515 excuseS,
1044 2469 1152 2502 cum
1187 2454 1349 2502 omnia
1382 2455 1606 2518 exempla
1648 2455 1748 2503 sint

65 2541 262 2589 nomina
293 2541 515 2603 propria,
555 2540 718 2588 omnia
744 2540 964 2588 vocalem
999 2540 1197 2588 brevem
1224 2542 1336 2587 ante
1371 2538 1605 2601 liquidam
1633 2553 1744 2587 con-

65 2639 238 2673 sonam
264 2625 342 2674 vel
370 2641 397 2672 σ
422 2625 697 2688 producant
707 2644 719 2683 3
759 2624 808 2672 id
839 2624 967 2687 quod
1004 2624 1149 2672 etiam
1175 2623 1307 2686 apud
1332 2622 1597 2672 Homerum
1624 2628 1673 2672 et
1696 2624 1744 2671 in

68 2708 289 2757 dialectis
327 2709 507 2757 factum
546 2724 657 2758 esse
694 2723 836 2757 nemo
876 2713 952 2757 est
989 2710 1105 2771 quin
1144 2707 1282 2756 sciat.
1346 2707 1507 2771 Atque
1541 2708 1743 2757 eandem

67 2793 327 2856 prosodiae
359 2793 735 2842 inconstantiam
771 2798 883 2841 ante
909 2793 1156 2856 aspiratas
1192 2808 1228 2860 χ
1248 2796 1297 2840 et
1321 2806 1371 2860 φ,
1406 2792 1542 2841 velut
1565 2793 1743 2841 Aesch.

68 2876 289 2940 Choeph.
317 2879 447 2925 1046
475 2874 794 2944 φαιόχιτωνες
820 2884 869 2926 et
892 2882 1005 2926 ante
1033 2893 1054 2945 ρ
1081 2877 1446 2941 deprendimus.
1494 2877 1747 2926 Accedunt

68 2961 275 3025 denique
303 2976 478 3010 causae
511 2962 781 3010 rhetoricae
807 2967 856 3011 et
886 2962 1140 3019 metricae,
1177 2977 1377 3024 quarum
1404 2961 1584 3010 alteras
1623 2961 1724 3010 Her

67 3061 276 3096 mannus
302 3047 466 3095 attulit
490 3046 563 3095 El.
586 3046 644 3095 D.
666 3046 729 3095 M.
757 3062 806 3110 p.
832 3048 896 3096 60
932 3051 980 3096 et
1003 3046 1055 3095 in
1079 3046 1383 3110 praefatione
1408 3046 1470 3095 ad
1495 3045 1745 3111 Euripidis

69 3130 286 3180 Bacchas
313 3147 362 3195 p.
383 3131 598 3180 XXVIII
628 3133 791 3193 ‘quum
816 3131 1050 3180 orationis
1077 3147 1136 3180 ea
1161 3132 1225 3180 sit
1244 3137 1476 3181 constans
1503 3132 1579 3179 lex
1601 3135 1744 3193 atque
