2055 3589
1041 242 1109 294 60

244 436 427 478 meros,
472 417 551 481 qni
594 418 847 479 unicuique
892 415 1090 464 stationi
1135 414 1432 470 tribuantur,
1478 414 1527 461 in
1569 414 1789 477 periodis
1824 429 1919 462 non

245 507 374 553 illam
406 503 561 551 Weilii
596 501 1020 564 aequabilitatem,
1058 499 1147 548 sed
1174 499 1337 562 potius
1371 499 1499 547 hanc
1525 498 1920 548 distributionem

243 589 599 638 nanciscemur:
641 587 926 634 266—301
957 605 1026 624 =
1060 589 1099 633 l.
1142 580 1240 633 1¹l2.
1294 578 1468 632 I¹l2¹l2.
1520 577 1634 633 H¹l2
1667 586 1716 634 5.
1766 584 1839 633 III
1873 587 1920 632 4.

243 673 340 722 IIII
363 674 406 720 6.
437 671 475 717 V
500 674 545 719 5.
577 671 640 719 VI
664 672 709 718 5.
739 670 830 718 VII
859 672 902 718 2.
933 697 995 704 ——
1028 672 1074 719 3.
1105 671 1150 717 2.

345 756 441 806 Sed
481 771 587 805 cum
624 756 869 804 orationes
905 756 1016 818 ipso
1054 758 1345 816 argumento
1379 753 1574 802 divisae
1610 768 1706 801 non
1740 767 1921 815 aequa-

243 842 403 891 biliter
430 841 723 904 procedant,
762 841 964 888 aliarum
1000 845 1181 904 partes
1214 836 1358 887 nullo
1391 836 1543 887 modo
1579 836 1717 886 ‘inter
1750 853 1802 886 se
1838 852 1924 904 op-

241 926 436 993 positas
471 925 698 974 numeris
727 922 1036 990 respondere
1060 922 1307 973 videmus.
1373 922 1528 985 Quam
1556 928 1719 972 tamen
1736 939 1923 987 ¹aequa-

247 1012 481 1061 bilitatem
525 1026 584 1059 ne
630 1011 775 1058 nimis
811 1010 988 1074 cupide
1032 1025 1090 1059 ex
1137 1010 1344 1059 consilio
1384 1013 1563 1073 poetae
1608 1009 1926 1073 explicemuS,

245 1097 364 1144 satis
406 1100 602 1144 monent
639 1095 764 1144 aliae
801 1095 1076 1154 orationes,
1113 1110 1238 1158 quae
1263 1099 1555 1157 argumento
1581 1094 1789 1157 locoque
1815 1110 1925 1157 pro·

243 1181 368 1228 xime
413 1180 698 1229 coniunctae
739 1177 1141 1244 aequabilitatem
1188 1180 1322 1228 illam
1367 1194 1464 1227 non
1500 1179 1777 1228 admittunt.
1851 1178 1929 1228 Ita

242 1265 368 1314 enim
402 1265 452 1312 in
479 1265 796 1329 Supplicibus
825 1270 941 1330 post
967 1282 1045 1314 vv.
1075 1267 1353 1315 421-436
1381 1281 1437 1313 ex
1463 1264 1542 1313 his
1569 1264 1786 1314 numeris
1812 1279 1926 1313 con·

243 1355 454 1398 stantes:
485 1352 531 1398 5.
562 1354 606 1408 3,
637 1354 684 1400 3.
713 1353 761 1401 5.
798 1351 1018 1414 proxime
1057 1351 1278 1414 sequitur
1313 1350 1470 1399 o'ratio
1496 1346 1823 1412 (451—473)
1857 1349 1928 1399 sic

242 1435 603 1484 distribuenda:
644 1437 688 1495 2,
726 1438 771 1483 2.
811 1439 856 1496 2,
901 1439 946 1496 2,
985 1439 1029 1486 2.
1073 1439 1117 1484 2.
1158 1439 1201 1484 7.
1245 1440 1290 1496 3,
1334 1441 1384 1494 ];
1424 1436 1502 1484 vel
1538 1451 1616 1482 vv.
1648 1436 1925 1484 589-—608

243 1520 437 1582 quidem
465 1520 532 1568 ita
553 1521 858 1569 dividuntur:
887 1523 931 1578 2,
958 1523 1005 1571 2.
1028 1524 1073 1570 6.
1100 1524 1146 1572 6.
1169 1523 1215 1581 2,
1246 1523 1300 1580 23
1329 1524 1499 1569 contra
1519 1536 1596 1569 vv.
1623 1522 1925 1568 680—703:

245 1609 290 1653 3.
326 1601 423 1654 1¹!2.
452 1599 567 1653 ¹l24.
598 1607 643 1666 2,
673 1609 718 1654 3.
749 1608 795 1664 2,
830 1610 870 1664 1,
902 1607 946 1662 ε),
982 1610 1023 1655 1.
1055 1608 1099 1663 2,
1131 1608 1176 1654 2.

348 1690 446 1739 Sed
483 1705 542 1738 ne
578 1705 728 1739 causa
762 1691 957 1754 quidem
993 1691 1158 1751 deest,
1195 1706 1290 1753 qua
1324 1685 1753 1755 aequabilitatem
1785 1686 1930 1738 illam

243 1774 611 1823 sententiarum
664 1773 989 1839 explicemus,
1092 1775 1216 1824 Nam
1270 1790 1568 1840 progressus
1624 1775 1929 1838 singulorum

244 1862 601 1909 enuntiatorum
636 1862 769 1925 apud
806 1862 1106 1924 Aeschylum
1143 1867 1243 1910 tam
1279 1861 1506 1925 placidus
1544 1866 1644 1919 est,
1681 1865 1782 1909 tam
1816 1875 1929 1909 con-

245 1950 397 2005 stans,
424 1950 522 1993 tam
550 1947 773 2010 simplex,
800 1951 854 1995 ut
880 1947 1022 1996 facile
1044 1952 1208 1996 extare
1229 1947 1481 2011 potuerint
1507 1947 1695 1994 numeri
1722 1961 1928 2009 respon-

245 2031 429 2079 dentes.
519 2031 809 2094 Plerumque
855 2032 984 2081 enim
1030 2034 1282 2082 enuntiata
1335 2033 1385 2080 in
1429 2032 1525 2080 fine
1570 2046 1801 2080 versuum
1846 2031 1929 2079 de-

248 2116 435 2176 sinunt,
479 2131 773 2180 quamquam
809 2118 1054 2166 interdum
1090 2119 1167 2167 vel
1206 2118 1365 2182 ipsius
1407 2117 1659 2166 varietatis
1696 2131 1847 2165 causa
1882 2117 1928 2164 in

247 2201 406 2250 medio
434 2216 578 2250 versu
604 2202 847 2250 inciditur.
910 2202 1045 2263 Quos
1075 2203 1209 2252 locos
1237 2204 1320 2266 qui
1347 2204 1415 2251 ita
1440 2203 1501 2251 ad
1530 2202 1928 2264 aequabilitatem

248 2287 476 2335 reducere
505 2288 682 2348 voluit,
723 2294 776 2336 ut
810 2288 959 2336 verba
991 2289 1041 2336 in
1077 2289 1416 2352 insequentem
1457 2304 1654 2337 versum
1688 2287 1931 2336 translata

249 2372 468 2434 partibus
496 2373 846 2421 sententiarum
887 2374 934 2421 in
964 2375 1260 2423 carminibus
1287 2373 1455 2436 lyricis
1491 2374 1539 2421 in
1567 2372 1822 2436 stropham
1861 2373 1930 2421 in-

250 2463 530 2519 sequentem
574 2459 768 2508 reiectis
810 2461 1179 2522 aequipararet,
1236 2459 1436 2508 Weilius
1484 2474 1580 2507 non
1624 2458 1933 2520 recogitavit,

251 2556 392 2603 quam
421 2542 617 2592 diversa
652 2545 717 2592 sit
743 2544 956 2592 conditio
994 2544 1162 2607 poesis
1199 2544 1382 2607 lyricae
1410 2544 1554 2592 finem
1583 2543 1773 2606 periodi
1802 2543 1931 2591 clau-

252 2625 361 2673 sula
385 2628 584 2676 metrica
610 2643 755 2691 quam
783 2628 1056 2678 clarissime
1082 2629 1361 2678 indicantis.

356 2710 549 2773 Itaque,
575 2718 628 2761 ut
653 2714 868 2762 breviter
893 2715 1303 2777 comprehendam
1320 2752 1330 2771 ‚
1360 2730 1484 2777 quae
1512 2715 1717 2778 exposui
1745 2713 1806 2762 de
1833 2713 1932 2762 sin-

252 2796 476 2857 gularum
514 2800 863 2848 sententiarum
901 2800 1281 2863 compositione,
1327 2800 1726 2863 aequabilitatem
1767 2815 1934 2848 earum

254 2882 550 2939 orationum,
587 2898 787 2945 quarum
815 2902 894 2934 res
922 2899 1016 2934 non
1045 2886 1403 2948 respondeant,
1438 2901 1556 2934 casu
1581 2885 1827 2941 extitisse,
1864 2884 1932 2931 lo-

255 2981 417 3014 corum
456 2983 569 3016 vero
616 2985 671 3017 ex
716 2971 972 3019 sententiis
1008 2970 1309 3019 antitheticis
1356 2971 1684 3020 constantium
1724 2968 1935 3017 maiores

256 3067 348 3099 non
389 3053 713 3117 respondere,
752 3057 964 3105 minores
1003 3060 1166 3104 autem
1206 3072 1299 3104 non
1338 3057 1539 3105 metrica
1572 3054 1810 3117 quadam,
1847 3053 1933 3102 sed

257 3138 499 3186 rhetorica
522 3140 867 3202 aequabilitate
894 3146 1132 3204 aequatos
1160 3156 1270 3190 esse
1299 3141 1524 3190 vidimus.
