2055 3589
1116 105 1180 157 12

307 301 359 334 se
394 284 628 347 opposita
660 281 982 342 coniungant,
1016 295 1112 327 non
1147 279 1339 327 mireris
1375 294 1606 328 numeros
1639 280 1851 343 partium
1880 283 1989 345 pari
2052 304 2055 324 2

306 376 563 417 metrorum
593 381 770 428 genere
797 365 1185 428 conscriptarum
1208 378 1302 411 non
1325 364 1649 427 respondere:
1679 365 1839 428 prima
1858 367 1990 415 enim

305 470 420 518 pars
448 452 703 500 Persarum
736 453 791 498 21
826 455 935 498 tetr.
967 451 1029 498 39
1057 449 1185 496 trim.
1216 451 1281 496 34
1307 453 1438 511 tetr.,
1471 454 1574 496 tum
1602 453 1797 498 cantum
1825 451 1989 500 trime-

303 539 390 587 tris
420 537 734 598 implicatum,
764 534 940 582 deinde
971 535 1068 582 242
1096 534 1345 582 trimetros
1372 534 1614 593 continet3
1645 534 1800 583 altera
1825 540 1989 585 autem

308 627 369 672 13
398 623 542 680 trim.,
578 626 679 668 tum
707 624 822 683 post
850 623 876 668 3
906 624 1016 667 tetr.
1047 619 1265 681 strophis
1292 619 1478 668 cinctos
1506 621 1571 668 56
1599 623 1711 669 tetr.
1739 622 1803 669 94
1832 622 1990 694 trim.3

302 708 511 769 denique
545 705 927 768 Agamemnonis
965 704 1136 752 ultima
1175 718 1291 766 pars
1327 709 1444 768 post
1476 719 1719 753 commum
1761 705 1895 754 chori
1939 710 1993 755 et

302 793 720 855 Clytaemnestrae
757 793 951 838 constat
985 803 1042 837 ex
1080 791 1142 837 74
1169 789 1296 837 trim.
1338 790 1402 838 26
1429 795 1539 840 tetr.
1600 791 1784 841 Contra
1815 791 1990 853 Agam.

307 878 645 926 1303—-1307
674 875 927 936 utriusque
955 875 1149 935 generis
1173 889 1347 922 versus
1375 875 1556 938 singuli
1583 877 1723 939 eique
1753 891 1992 940 persona-

300 978 405 1011 rum
434 961 621 1009 vicibus
648 960 921 1008 clarissime
948 959 1167 1007 distincti
1192 960 1486 1022 miscentur,
1520 965 1574 1009 ut
1607 961 1750 1010 facile
1785 964 2015 1025 agnosci?

303 1047 463 1110 possit
489 1046 634 1094 etiam
660 1045 721 1092 ab
749 1045 972 1092 auditore
999 1045 1273 1106 aequabilis
1302 1046 1541 1107 quaedam
1577 1051 1627 1095 et
1652 1047 1861 1110 epodica
1886 1048 1992 1110 qui-

299 1133 408 1181 dem
436 1133 608 1192 forma,
636 1144 780 1192 quam
808 1129 1118 1178 Hermannus
1148 1129 1481 1191 significavit:

390 1212 564 1286 Ἀγαμ.
598 1219 614 1263 1
644 1215 773 1264 trim.
813 1208 971 1262 Χ.ὁΑ
1006 1208 1767 1365 QUI
1794 1219 1903 1266 tetr.

961 1382 1022 1435 X.
1045 1388 1070 1435 ὁ
1090 1384 1129 1436 Γ
1163 1393 1179 1436 l
1208 1394 1318 1437 tetr.

404 1473 522 1521 Tum
560 1472 783 1520 trimetri
815 1474 1057 1522 accedunt
1093 1471 1166 1521 ad
1204 1481 1515 1539 anapaestos
1541 1476 1589 1522 in
1617 1473 1849 1524 monodia
1873 1472 1991 1521 Pro-

297 1559 476 1607 methei
505 1561 567 1607 88
587 1560 770 1616 -127;
807 1559 895 1607 sed
929 1574 1072 1621 quem
1109 1559 1169 1607 ad
1207 1560 1404 1608 modum
1432 1566 1734 1623 anapaestos
1765 1559 1869 1608 eius
1895 1558 1990 1606 loci

297 1660 391 1692 non
419 1644 719 1706 respondere
747 1645 974 1702 vidimus,
1003 1645 1071 1692 ita
1095 1644 1302 1692 trimetri
1331 1659 1525 1706 quoque
1551 1646 1613 1693 ab
1641 1644 1988 1706 aequabilitate

295 1743 609 1776 numerorum
637 1729 774 1777 liberi
805 1738 934 1788 sunt,
963 1744 1070 1777 cum
1094 1735 1209 1792 post
1230 1729 1402 1778 5t1·im.
1427 1735 1694 1792 sequantur
1714 1730 1987 1792 anapaesti,

296 1820 395 1862 tum
432 1817 488 1862 13
519 1815 663 1872 trim.,
703 1814 878 1862 deinde
916 1819 941 1863 3
972 1815 1098 1862 trim.
1128 1814 1296 1876 lyricis
1324 1814 1550 1878 permixti
1576 1829 1844 1877 rursusque
1871 1829 1987 1862 ana-

298 1899 470 1961 paesti.

404 1983 499 2032 Sed
528 1990 683 2032 metra
703 1974 1085 2034 diverbii‘etiam
1109 2000 1225 2033 cum
1252 1982 1430 2050 lyricis
1453 1984 1738 2047 permisceri
1759 1990 1984 2048 possunt.

297 2071 369 2117 Ac
414 2070 621 2132 primum
667 2069 864 2132 quidem
910 2071 1037 2118 inter
1082 2070 1355 2118 diverbium
1403 2071 1683 2119 inseruntur
1733 2067 1987 2118 nonnulla

300 2160 444 2201 extra
471 2160 688 2201 ⁴metrum
714 2154 927 2220 scripta,
967 2155 1332 2203 interiectiones
1364 2155 1701 2218 potissimum:
1740 2171 1770 2203 a
1794 2170 1889 2218 quo
1916 2155 1987 2203 in-

298 2240 592 2302 terpellandi
619 2255 796 2301 genere
822 2244 987 2288 tamen
1016 2256 1185 2288 omnes
1208 2242 1479 2288 tetrametri
1508 2245 1556 2288 et
1575 2241 1782 2288 trimetri
1803 2243 1851 2288 in
1873 2241 1987 2289 Per-

299 2325 367 2373 sis
407 2325 723 2388 Supplicibus
762 2325 963 2388 Septem
1002 2326 1142 2374 liberi
1178 2333 1307 2383 sunt,
1352 2340 1459 2373 cum
1506 2327 1791 2388 anapaestis
1837 2326 1987 2374 inter-

302 2410 533 2458 iectiones
562 2411 638 2458 vel
666 2411 969 2474 praemissas
1010 2411 1086 2459 vel
1114 2411 1396 2458 interiectas
1431 2410 1722 2458 viderimus:
1765 2407 1820 2458 ἰώ
1849 2410 1984 2460 Pers,

303 2496 416 2542 886.
447 2494 579 2557 Sept.
611 2497 726 2553 847,
756 2500 844 2562 φεῦ
873 2499 962 2563 φεῦ
990 2495 1128 2558 Sept.
1166 2498 1313 2544 1039.
1355 2496 1408 2544 In
1431 2496 1664 2544 trimetris
1698 2496 1848 2558 igitur
1868 2497 1988 2545 libe-

301 2579 429 2626 riora
456 2579 541 2626 illa
568 2581 870 2629 orationibus
901 2596 1223 2644 personarum
1252 2581 1461 2642 singulis
1487 2581 1565 2629 vel
1595 2581 1990 2643 praemittuntur,
2027 2626 2030 2628 .

302 2669 351 2710 ut
381 2665 553 2724 Agam.
589 2667 715 2712 1173
746 2661 905 2713 Romo.
937 2663 1008 2712 ἰοὺ
1038 2663 1128 2722 ἰού,
1159 2661 1197 2712 ὦ
1226 2661 1264 2712 ὦ
1293 2663 1440 2724 κακοὶ,
1471 2665 1687 2728 Choeph.
1725 2670 1855 2714 1044
1883 2660 1991 2730 ‘'Op.

305 2740 334 2793 ἆ
364 2739 408 2803 ἆ,
441 2748 511 2795 vel
541 2749 607 2795 ita
633 2749 986 2811 intericiuntur,
1016 2757 1068 2799 ut
1095 2752 1158 2800 ab
1195 2752 1255 2800 iis
1295 2767 1421 2800 nova
1449 2751 1758 2813 compellat-io
1788 2751 1996 2815 incipiat

303 2833 477 2893 Agant.
510 2834 570 2879 22
608 2827 736 2880 ‘i‘''))..
798 2837 870 2882 ἰοῦ
913 2837 1012 2898 ἰοῦ,
1050 2836 1269 2900 Choeph.
1318 2838 1412 2884 190
1455 2830 1562 2882 Ἠλ.
1603 2839 1711 2904 φεῦ,
1749 2839 1846 2886 868
1873 2830 1992 2885 Otr..

305 2910 393 2965 ἰού.
423 2912 508 2971 ἰού,
548 2923 728 2965 etcum
762 2922 984 2970 vocativo
1026 2923 1200 2984 Agam.
1249 2924 1377 2970 1274
1419 2916 1578 2969 Romo.
1639 2918 1695 2968 ἰὼ
1734 2910 1878 2978 ξένοι,
1919 2922 1993 2970 vel

305 3002 512 3063 denique
549 3017 739 3051 omnem
791 3021 1032 3067 personae
1078 3008 1346 3055 orationem
1394 3007 1783 3070 complectuntur
1827 3006 1988 3054 Prom.

309 3088 402 3133 743
435 3082 530 3134 Ἰώε
562 3084 617 3134 ἰώ
639 3088 721 3154 μοί
743 3104 840 3155 μοι,
868 3087 951 3149 ἑὲ,
992 3093 1164 3153 Agam.
1186 3094 1314 3140 1266
1343 3087 1504 3141 Romo.
1523 3096 1612 3159 φεῦ
1629 3096 1736 3158 φεῦ,
1763 3091 1991 3155 Choeph.

308 3173 405 3219 556
448 3169 555 3239 Ᾱίγ.
595 3167 619 3219 ὲ
651 3174 672 3219 ε’
700 3173 1015 3235 ὀτοτοτοτοῖ;
1055 3192 1148 3239 quo
1188 3177 1432 3240 pertinent
1464 3178 1610 3226 etiam
1647 3177 1731 3224 illa
1767 3193 1796 3225 a
1840 3178 1989 3226 choro
