2055 3589
877 102 939 151 71

319 307 825 379 SENTENTIAE
871 303 1504 373 CONTROVERSAE

150 443 189 492 Ι.
228 441 571 490 Prometheum
618 438 846 499 Aeschyli
892 442 1007 500 post
1039 435 1218 483 Persas
1254 433 1515 496 Supplices
1559 431 1758 494 Septem

222 526 457 588 scriptam
493 537 628 582 esse,
666 526 860 584 praeter
894 520 1159 569 carminum
1195 518 1498 566 choricorum
1524 515 1757 563 ambitum

223 610 458 658 minorem
500 606 892 668 singularemque
929 602 1374 665 compositionem,'
1403 599 1560 662 quade
1597 597 1758 645 confe-

148 707 153 710 ·
223 709 305 742 ras
341 691 598 741 Rossbach
647 694 694 737 et
731 688 986 751 Westphal
1022 687 1158 734 Metr.
1201 685 1276 732 III
1320 684 1471 747 praef.
1518 699 1567 746 p.
1601 681 1758 740 XVII,

226 777 441 825 indicare
464 775 689 823 videntur
710 773 852 820 etiam
900 767 950 834 1)
972 769 1335 818 interiectiones
1358 772 1406 815 et
1431 772 1585 815 metra
1609 766 1762 827 lyrica

226 862 351 909 inter
376 860 621 907 trimetros
648 856 798 903 mixta
815 855 873 903 cf.
898 855 1016 902 diss.
1045 870 1091 915 p.
1123 855 1197 912 12,
1240 851 1291 910 2)
1313 851 1493 899 arctior
1518 851 1761 897 trimetro-

228 960 335 994 rum
363 940 636 990 coniunctio
664 955 712 1001 p.
748 942 825 996 10,
866 937 920 998 3)
949 938 1081 986 chori
1109 938 1356 985 orationes
1385 935 1588 982 duorum
1614 933 1761 980 inter-

228 1029 497 1076 locutorum
543 1026 589 1072 in
627 1037 805 1071 scaena
839 1015 1084 1083 agentium
1125 1021 1352 1083 partibus
1388 1019 1676 1066 accedentes
1713 1032 1760 1079 p.

230 1115 320 1171 243
364 1125 487 1173 quae
530 1108 743 1157 rationes
779 1105 1068 1153 Prometheo
1105 1119 1212 1152 cum
1249 1103 1442 1152 Orestia
1478 1115 1758 1150 communes

229 1201 357 1245 Sunt.

128 1281 192 1329 ΙΙ.
231 1278 391 1329 Schol.
442 1276 565 1324 Med.
615 1276 675 1324 ad
723 1274 901 1321 Aesch.
951 1272 1025 1320 ed.
1067 1271 1210 1319 Dind.
1275 1271 1322 1331 l)
1358 1271 1420 1319 ad
1461 1271 1619 1318 Prom.
1666 1271 1761 1317 106

236 1357 345 1410 ἀλλ’
395 1356 502 1407 οὔτε
550 1363 692 1427 σιγᾶν
732 1346 942 1423 δύναμαι
991 1352 1151 1423 (ἀλγῶ
1190 1350 1300 1423 γάρ)
1347 1351 1461 1401 οὔτε
1510 1351 1577 1420 μὴ
1627 1348 1763 1421 ἐλέγ-

235 1462 335 1516 χειν
362 1463 370 1471 ·
399 1440 694 1511 εὐλαβοῦμαι
720 1438 812 1511 γὰρ
838 1437 928 1488 τὸν
963 1436 1058 1486 Δία
1092 1440 1228 1501 legas
1265 1434 1380 1484 οὔτε
1408 1435 1502 1505 μὴν
1530 1433 1763 1506 ἐλέγχειν,

239 1531 291 1591 2)
319 1530 379 1578 ad
405 1528 533 1577 Pers,
562 1529 660 1575 256
690 1525 820 1585 ἄνια]
859 1522 1037 1571 ἀνίατα
1074 1524 1168 1584 leg.
1210 1518 1411 1589 ἀνιαρά,
1452 1520 1503 1581 3)
1542 1522 1603 1569 ad
1629 1521 1763 1568 Pers.

244 1616 342 1663 818
393 1611 568 1660 schola
616 1611 687 1658 sic
734 1608 1039 1670 seiungenda
1087 1612 1201 1655 sunt
1239 1602 1386 1662 θῖνεςε
1435 1605 1478 1651 οἱ
1518 1602 1662 1672 σωροί
1699 1631 1763 1637 —

241 1695 414 1766 ἄφωνοι
453 1690 730 1761 σἠρχνοῦσι]
772 1690 944 1759 καίπερ
984 1687 1148 1758 φωνὴν
1187 1686 1255 1756 μὴ
1295 1685 1515 1755 ἀφιέντες
1555 1677 1768 1744 δείξουσι

246 1810 310 1816 —
347 1781 378 1835 τ’,
412 1773 550 1847 γονή]
573 1775 631 1825 τὸ
666 1774 827 1847 γένος,
868 1776 920 1837 4)
947 1776 1009 1824 ad
1036 1775 1174 1822 Eum.
1208 1775 1303 1821 140
1335 1769 1598 1826 ἀνοιστῆσει
1639 1767 1765 1836 [scil.

251 1859 413 1928 poeta]
454 1857 589 1918 αὐτὸς
628 1861 717 1909 οὐκ
753 1856 944 1927 ἀθρόως
980 1860 1118 1921 legas
1158 1855 1403 1914 ἀνίστησι,
1445 1856 1497 1917 5)
1537 1857 1598 1904 ad
1625 1856 1764 1904 Eum.

255 1949 354 1996 404
389 1949 452 2004 ὡς
492 1943 667 2011 ἀρμίνῳ
706 1939 930 2012 χρωμένη
958 1948 1022 2007 τῇ
1060 1930 1209 2011 αἰγίδι
1247 1943 1342 2003 leg.
1384 1939 1579 2007 ἅρματι.

144 2034 234 2085 III.
274 2032 450 2080 Poetae
483 2031 674 2080 scaeiici
695 2027 878 2086 ⁹Graeci
904 2043 996 2076 non
1024 2028 1163 2075 anxie
1190 2027 1404 2075 vitarunt
1428 2024 1768 2086 repetitionem

261 2111 631 2170 vocabulo-tum,
657 2109 822 2203 quppe
860 2111 940 2172 qui
977 2111 1289 2174 scripserint,
1329 2123 1452 2170 quae
1480 2113 1769 2156 canerentur

262 2200 338 2249 vel
364 2195 705 2247 recitarentur,
743 2208 803 2240 on
833 2208 954 2255 quae
981 2194 1275 2255 legerentur.

123 2287 240 2337 IIII.
279 2281 425 2332 Haud
447 2282 576 2327 recte
599 2273 736 2322 Madv
764 2277 839 2323 ius
863 2275 1096 2338 (Gramm.
1118 2275 1218 2323 Lat.
1242 2274 1268 2336 ξ
1291 2275 1414 2335 222)
1437 2276 1767 2324 accusativum

266 2366 438 2419 statuit
480 2355 707 2411 vocabuli
782 2360 962 2408 tionem
1007 2360 1068 2407 ab
1115 2360 1243 2408 omni
1282 2359 1518 2408 relatione
1564 2360 1767 2409 liberam

267 2449 560 2514 significare.

188 2539 245 2586 V.
286 2537 343 2584 In
389 2525 662 2596 gymnasiis
710 2534 791 2569 acc
840 2533 887 2575 te
922 2531 1190 2575 tractentur
1226 2527 1466 2575 sermonis
1505 2527 1765 2585 vernaculi,

276 2619 434 2683 qualis
455 2614 547 2662 fuit
573 2606 783 2658 saeculis
837 2610 1049 2658 I-XIV
1075 2615 1412 2670 monumenta,
1444 2608 1766 2673 Nibelungias

278 2700 589 2768 potissimum
634 2697 682 2740 et
716 2688 816 2737 sele
894 2709 949 2742 ex
992 2694 1158 2757 lyricis
1193 2695 1377 2756 poetis3
1422 2694 1616 2756 linguae
1653 2710 1766 2743 vero

284 2782 560 2835 Theodisca
608 2771 896 2839 antiquissssa
951 2776 1124 2826 Gotica
1176 2777 1391 2840 reliquae
1448 2776 1767 2827 Germanicae

285 2868 457 2932 stirpis
493 2858 730 2922 exemplis
766 2860 848 2902 ‘tan
940 2861 1002 2908 ad
1041 2861 1406 2922 grammaticam
1443 2862 1765 2911 Theodiscam
1794 2849 1802 2855 ’

285 2952 433 3004 medii
478 2944 731 3005 nostrique
778 2944 1199 3008 aevxplicandam
1245 2945 1539 2994 necessariis
1583 2960 1764 3009 propo-

287 3041 478 3087 nantur.
