2055 3589
1076 146 1111 198 4
1158 205 1164 210 .

264 321 499 380 sublatae,
513 323 673 369 motus
687 335 794 368 cum
807 321 1025 383 corporis
1037 325 1139 367 tum
1153 319 1462 368 brachiorum
1474 321 1535 369 ob
1548 321 1944 384 capillamentum

263 407 523 455 cothurnos
559 406 775 453 manicas
812 405 979 468 ampla
1013 405 1307 452 vestimenta
1340 405 1647 455 tardissimae
1675 412 1723 456 et
1748 409 1944 471 paucis·

264 492 414 539 simae
442 490 635 538 fiebant..
678 491 836 551 Atque
865 490 1097 537 maiorem
1126 489 1273 537 etiam
1300 489 1452 539 fuisse
1480 490 1870 540 immobilitatem
1896 497 1945 541 et

263 574 622 638 simplicitatem
650 575 855 622 actionis
895 575 941 621 in
971 573 1202 636 Aeschyli
1231 575 1500 636 tragoediis
1529 590 1674 638 quam
1701 577 1747 625 in
1777 582 1942 641 poste-

260 660 468 708 rioribus
520 659 778 707 edocemur
828 659 1191 714 narratiuncula
1239 661 1371 724 apud
1421 661 1737 710 Aristotelem
1781 663 1840 711 A.
1886 663 1940 711 P.

258 743 470 804 XXVII,
511 748 540 791 4
579 744 781 791 tradita:
829 744 1160 805 Mynniscum,
1208 760 1302 807 quo
1337 745 1419 794 ille
1458 747 1697 795 histrione
1735 747 1942 796 maxime

258 845 375 877 usus
404 834 500 888 est,
530 828 758 891 Callipidi
786 827 1046 891 Sophoclis
1073 830 1226 877 actori
1254 846 1429 880 nomen
1458 831 1585 880 simii
1613 832 1851 882 indidisse
1879 833 1941 882 ob

260 913 515 962 molestam
544 914 877 972 imitationem,
905 914 999 962 hoc
1026 920 1115 974 est,
1144 916 1205 963 ob
1234 916 1433 964 nimiam
1459 917 1714 965 actionem.

363 998 458 1047 Sed
486 999 594 1046 soni
629 999 1062 1046 instrumentorum
1096 1014 1366 1062 vocumque
1406 1016 1560 1064 aeque
1595 1007 1740 1065 atque
1780 1007 1939 1051 motus

257 1088 473 1131 actorum
501 1088 700 1131 aeterna
727 1083 973 1131 oblivione
1001 1084 1162 1132 obruti
1190 1091 1325 1144 sunt,
1345 1092 1408 1133 -ut
1435 1102 1612 1134 vanum
1641 1088 1728 1145 sit,
1755 1087 1939 1150 aliquid

258 1169 436 1217 cert-ius
465 1168 522 1216 de
549 1168 610 1217 iis
637 1150 879 1217 affirmare
905 1169 1063 1232 iisque
1092 1170 1365 1218 diverbium
1394 1171 1604 1219 divisum
1641 1172 1792 1220 fuisse
1827 1187 1938 1221 con·

178 1237 185 1241 ’
258 1254 471 1301 tendere.
530 1253 585 1301 Id
611 1259 777 1302 tamen
802 1254 954 1302 indoli
982 1256 1102 1303 artis
1131 1253 1348 1304 Graecae
1375 1257 1536 1318 quivis
1566 1257 1814 1315 concedet,
1843 1272 1939 1305 non

259 1353 343 1400 per
369 1354 422 1387 se
450 1339 647 1388 stetisse
675 1341 817 1401 signa
847 1339 933 1387 illa
969 1346 1191 1399 externa,
1229 1341 1316 1389 sed
1352 1343 1611 1390 coniuncta
1646 1343 1798 1390 fuisse
1835 1357 1943 1390 cum

257 1424 469 1485 periodis
509 1425 557 1471 in
596 1425 705 1487 ipso
745 1430 920 1488 poetae
961 1440 1110 1488 opere
1151 1426 1379 1474 indicatis
1421 1428 1482 1474 ad
1526 1441 1707 1490 easque
1743 1427 1943 1475 auribus

257 1510 508 1571 oculisque
536 1511 886 1573 proponendos
915 1526 1062 1573 quam
1090 1512 1298 1561 maximo
1330 1512 1438 1560 usui
1466 1513 1634 1562 fuisse.
1694 1510 1943 1573 Quaenam

259 1610 371 1643 vero
389 1599 475 1643 ‘est
503 1592 687 1643 divisio
714 1596 768 1643 in
796 1591 962 1644 verbis
987 1594 1259 1645 indicata?

361 1680 454 1729 Per
480 1695 533 1728 se
560 1686 792 1744 apparet,
833 1681 1021 1730 duabus
1059 1683 1331 1731 rationibus
1361 1697 1468 1730 eam
1497 1679 1625 1730 effici
1653 1698 1827 1745 posse,
1863 1682 1942 1731 in-

257 1762 535 1814 cisionibus
561 1764 640 1813 vel
664 1766 717 1813 z'n
730 1764 932 1830 forma,
961 1768 1091 1830 quod
1113 1773 1187 1816 est
1208 1772 1433 1827 metrum,
1462 1765 1539 1814 vel
1563 1767 1613 1815 in
1639 1774 1943 1834 aryumento

243 1847 425 1915 factis.
478 1852 638 1913 Atque
666 1852 897 1900 metricus
927 1853 1120 1916 quidem
1150 1853 1259 1901 finis
1288 1853 1364 1901 vel
1392 1853 1442 1900 in
1468 1854 1578 1916 ipso
1607 1859 1761 1902 metro
1790 1854 1941 1915 signi-

259 1936 390 1984 ficari
417 1942 604 1998 potest,
642 1937 768 1998 quod
797 1937 853 1985 fit
888 1938 1130 1996 clausula,
1170 1940 1244 1987 vel
1283 1938 1457 1987 alienis
1491 1939 1659 1988 metris
1696 1939 1943 1998 admixtis,

258 2036 381 2083 quae
421 2023 555 2070 certa
599 2036 807 2085 corpora
851 2038 1079 2072 versuum
1127 2024 1375 2072 definiant.
1442 2022 1655 2084 Quarum
1700 2025 1942 2073 rationum

259 2107 391 2169 prior
429 2107 478 2153 in
516 2108 801 2170 anapaestis
837 2113 1024 2156 tantum
1065 2109 1221 2156 locum
1263 2110 1413 2158 habet
1453 2109 1620 2172 eisque
1659 2110 1875 2158 in'dolem
1915 2125 1944 2157 a

257 2193 487 2240 trimetris
524 2193 746 2241 iambicis
783 2194 1177 2256 tetrametrisque
1212 2194 1473 2242 trochaicis
1513 2195 1659 2257 plane
1696 2195 1943 2243 diversam

258 2278 441 2337 tribuit,
468 2283 521 2326 ut
547 2279 783 2340 singulari
812 2287 858 2327 et
884 2280 1047 2342 priore
1075 2279 1268 2342 quidem
1297 2279 1403 2327 loco
1431 2280 1675 2328 tractandi
1697 2281 1810 2328 sint.
1851 2281 1940 2328 Ar-

259 2365 473 2424 gumenti
508 2368 668 2412 autem
706 2379 908 2427 operum
945 2365 1279 2413 scaenicorum
1318 2365 1583 2426 singularis
1610 2366 1734 2414 ratio
1763 2381 1822 2414 ea
1849 2372 1939 2424 est,

260 2462 355 2509 qua
380 2463 474 2495 non
504 2454 650 2512 poeta
677 2449 763 2497 sed
790 2456 983 2498 actores
1011 2450 1286 2512 loquantur,
1323 2465 1402 2498 res
1439 2467 1534 2499 non
1569 2457 1828 2499 narrentur
1853 2451 1940 2499 sed

260 2539 488 2593 agantur:
534 2535 696 2596 itaque
739 2535 933 2583 fabulae
980 2550 1035 2583 ex
1080 2536 1302 2598 partibus
1347 2536 1576 2597 ingressu
1621 2536 1940 2599 discessuque

261 2622 474 2665 actorum
506 2619 717 2668 definitis
754 2621 1070 2679 constabunt,
1108 2621 1198 2669 hae
1233 2626 1393 2669 autem
1429 2627 1594 2683 partes
1622 2636 1679 2669 ex
1705 2636 1940 2686 persona-

260 2719 363 2750 rum
392 2704 714 2752 orationibus.
752 2722 808 2754 ex
835 2706 1010 2768 quibus
1039 2706 1213 2754 deinde
1243 2711 1291 2754 et
1315 2707 1441 2770 ipsis
1470 2707 1695 2768 singulae
1724 2707 1771 2754 in
1799 2707 1943 2770 plura

262 2802 468 2850 corpora
495 2788 642 2835 dividi
671 2799 879 2852 possunt
906 2793 1256 2840 sententiarum
1285 2792 1623 2841 incisionibus.
1683 2792 1785 2839 Iam
1825 2806 1939 2855 pos-

262 2878 373 2919 sunt
408 2874 622 2933 ratioues
664 2875 913 2924 dividendi
948 2877 1179 2926 metricae
1216 2882 1263 2925 et
1299 2892 1383 2926 eae
1419 2893 1542 2940 quae
1577 2879 1625 2925 in
1652 2882 1939 2940 argumento

263 2958 452 3020 positae
481 2964 590 3005 sunt
619 2959 691 3006 vel
723 2960 946 3022 singulae
974 2963 1049 3010 vel
1079 2963 1365 3011 coniunctae
1393 2963 1629 3022 adhiberi,
1660 2967 1804 3024 atque
1832 2977 1938 3010 eam

263 3043 454 3103 quidem
505 3043 794 3092 divisionem
853 3061 976 3107 quae
1034 3047 1176 3096 simul
1228 3048 1451 3111 pluribus
1502 3048 1739 3097 efficiatur
1788 3048 1937 3097 multo

263 3127 511 3175 clariorem
565 3144 673 3176 esse
725 3144 812 3191 per
862 3145 914 3178 se
965 3139 1123 3194 patet3
1186 3135 1500 3194 quamobrem
1552 3134 1601 3180 in
1651 3147 1935 3181 enumeran-

264 3211 338 3258 dis
374 3214 605 3274 cuiusque
641 3215 832 3274 generis
871 3217 1104 3280 exemplis
1140 3217 1200 3264 ab
1237 3218 1296 3264 iis
1332 3218 1561 3281 incipiam
1590 3232 1713 3281 quae
1740 3234 1836 3266 una
1860 3233 1936 3266 ra-
