2055 3589
90 413 251 458 autem
266 409 404 458 relati
421 409 701 472 Polynicem
719 414 886 472 optare
903 410 1098 467 faciunt,
1126 412 1179 457 ut
1193 413 1351 458 turres
1367 409 1501 458 urbis
1515 410 1767 467 ascendat,

91 498 250 542 terrae
284 508 366 541 rex
394 495 641 542 nuntietur
667 509 1000 558 paeanemque
1028 498 1200 557 captae
1227 493 1333 542 urbi
1361 480 1573 554 accinat,
1612 495 1767 556 prius-

92 593 236 640 quam
264 593 371 626 cum
398 579 546 626 fratre
572 594 745 627 manus
773 583 1013 628 conserat.
1066 577 1227 639 Quare
1267 578 1361 627 duo
1399 584 1513 628 vota
1548 579 1771 627 videntur

91 677 202 712 esse
237 662 607 724 distinguenda,
648 665 851 712 alterum
888 663 1014 726 quod
1052 663 1184 723 urbi,
1222 677 1366 725 quam
1403 679 1448 711 V.
1479 665 1576 712 613
1615 663 1767 712 solam

91 748 458 796 commemorari
504 747 599 794 iam
646 748 847 797 Weilius
891 748 1257 807 animadvertit,
1310 748 1529 810 pessima
1579 748 1769 795 minans

90 848 135 880 v.
167 834 265 880 616
293 847 412 880 voce
440 820 793 899 ὲπεξιχκχάσαι
818 834 1128 891 terminetur,
1165 832 1369 880 alterum
1406 832 1534 894 quod
1562 848 1640 880 w.
1671 835 1766 880 617

90 919 261 965 -619
298 917 705 980 comprehensum
742 932 885 966 versu
919 922 1033 966 ante
1064 918 1156 966 hos
1183 931 1356 973 versus
1384 916 1658 980 supplendo
1685 917 1769 964 ad-

89 1001 339 1050 nuntietur
361 1002 410 1050 in
430 1002 557 1050 hunc
576 1002 677 1050 fere
703 1002 916 1051 modum:
937 1000 1014 1050 σοὶ
1042 990 1219 1049 &Aba
1245 989 1606 1070 ’δείν’έπεῃρας
1632 996 1771 1048 ἐπεύ-

91 1101 245 1154 χεται.

194 1171 250 1220 In
279 1171 508 1221 extremis
535 1175 696 1220 autem
723 1172 887 1220 verbis
913 1172 1069 1219 nuntii
1095 1170 1419 1231 Rrschelius,
1456 1171 1532 1218 cui
1557 1169 1771 1218 Keckius

90 1257 322 1314 accessit,
359 1257 649 1319 praeposuit
672 1272 718 1304 v.
748 1258 840 1304 631
874 1257 1038 1304 versui
1069 1258 1193 1316 630,
1221 1256 1347 1317 quod
1375 1256 1522 1303 etiam
1547 1255 1771 1303 Prienius

90 1341 288 1399 fecerat,
314 1345 460 1402 atque
479 1345 534 1388 ut
552 1340 789 1388 transitus
810 1344 944 1389 esset
962 1355 992 1387 a
1011 1339 1174 1388 verbis
1196 1339 1418 1388 Iustitiae
1444 1340 1507 1387 ad
1534 1355 1643 1387 eum
1666 1355 1770 1387 ver·

90 1439 214 1484 sum,
237 1440 332 1488 quo
353 1425 550 1473 nuntius
566 1439 730 1487 regem
746 1425 1102 1485 adhortaretur,
1127 1429 1178 1472 ut
1193 1424 1527 1473 adversarium
1544 1424 1772 1483 mitteret,

92 1526 238 1559 unum
265 1525 460 1558 versum
488 1510 728 1559 excidisse
755 1510 910 1559 voluit
934 1509 1049 1557 talis
1077 1509 1372 1557 sententiae:
1401 1505 1556 1564 οὕτως
1579 1509 1604 1555 ὁ
1624 1496 1773 1555 τοῦδε

90 1590 278 1663 κόμπος
313 1592 358 1650 ἐς
394 1589 449 1640 σὲ
485 1591 732 1662 μοιίνεται;
771 1595 845 1642 cui
881 1595 1087 1643 alterum
1114 1594 1307 1642 adicere
1334 1594 1547 1642 Keckius
1575 1599 1772 1642 coactus

91 1684 182 1739 est,
220 1680 347 1742 quod
379 1680 599 1727 lacunam
627 1695 655 1726 a
681 1679 947 1728 Ritschelio
977 1695 1127 1743 supra
1152 1682 1368 1727 notatam
1394 1695 1490 1728 non
1519 1694 1771 1727 concesse-

89 1769 179 1813 rat.
219 1765 499 1812 Dindorfius
526 1781 604 1813 vv.
625 1766 738 1813 630.
766 1767 854 1812 631
890 1764 1031 1813 eiecit
1058 1779 1350 1826 versumque
1377 1779 1406 1811 a
1433 1778 1485 1812 se
1515 1763 1772 1812 confictum

89 1851 138 1898 in
166 1864 330 1898 eorum
358 1850 516 1898 locum
543 1850 741 1911 recepit.
782 1849 882 1897 Iam
912 1850 1056 1897 etiam
1084 1850 1132 1896 in
1155 1848 1410 1896 Ritschelii
1431 1849 1771 1897 conformatio-

91 1951 200 1984 nem
229 1935 458 1997 quadrat,
496 1934 622 1996 quod
651 1934 844 1982 Prienio
872 1934 1108 1997 opposuit
1131 1934 1380 1996 EngeruS,
1410 1948 1466 1981 ex
1494 1932 1578 1980 illa
1613 1937 1771 1980 trans-

90 2021 335 2083 positione
372 2001 614 2082 duplicem
650 2020 897 2083 epilogum
934 2019 1164 2068 existere:
1205 2019 1410 2066 alterum
1439 2018 1637 2066 ultimae
1665 2033 1771 2065 ora-

90 2106 236 2154 tionis
264 2105 323 2153 de
349 2104 606 2168 Polynice,
640 2104 846 2152 alterum
881 2104 1121 2163 omnium3
1159 2118 1302 2166 quam
1330 2103 1672 2166 repetitionem
1700 2104 1770 2150 in-

91 2190 398 2238 tolerabilem
451 2204 561 2237 esse
607 2203 748 2237 nemo
795 2205 887 2238 nou
935 2189 1135 2237 videbit.
1200 2189 1359 2250 Atque
1409 2188 1527 2235 mihi
1579 2188 1772 2249 quidem

91 2274 367 2337 Aeschylus
407 2274 599 2322 videtur
637 2274 861 2322 consulto
901 2275 1118 2333 cavisse,
1167 2289 1228 2322 ne
1273 2273 1470 2321 nuntius
1508 2285 1674 2334 regem
1713 2272 1774 2320 de

90 2359 374 2408 adversario
402 2359 567 2407 fratris
593 2364 814 2407 moueret
853 2366 902 2407 et
926 2359 1193 2407 clausulam
1223 2358 1421 2406 ultimae
1448 2357 1772 2420 speculatoris

92 2445 328 2493 orationis
362 2448 415 2492 ut
451 2445 754 2507 prooemium
791 2445 976 2508 primae
1014 2444 1074 2492 ad
1111 2458 1280 2492 omues
1306 2442 1550 2491 retulisse.
1602 2442 1773 2504 Itaque

92 2544 200 2578 cum
229 2543 426 2578 versum
455 2531 570 2587 631,
609 2544 704 2592 quo
741 2530 894 2577 eiecto
929 2529 1092 2577 omnia
1119 2529 1299 2592 optime
1327 2526 1591 2590 procedere
1618 2528 1774 2575 videri

93 2618 326 2678 possunt,
365 2614 618 2662 confirmet
643 2614 1026 2676 Aristophanes,
1065 2615 1147 2676 qui
1184 2614 1306 2661 Avv.
1341 2614 1468 2660 1163
1507 2612 1665 2659 locum
1703 2612 1774 2659 sic

94 2713 184 2761 per
209 2698 470 2746 ludibrium
500 2698 777 2760 detorquet:
815 2694 872 2745 σὺ
901 2685 941 2744 δ’
967 2694 1111 2753 αὐτὸς
1137 2686 1234 2750 ’ἤδη
1261 2692 1450 2761 [τᾶλλαι
1477 2685 1588 2764 δρᾶ]
1606 2735 1616 2754 ,
1653 2696 1771 2743 nihil

92 2787 272 2840 restat,
309 2797 452 2844 quam
488 2789 540 2830 ut
573 2780 686 2829 τίνοι
713 2799 808 2831 non
836 2783 897 2830 ad
926 2783 1261 2831 adversarium
1288 2781 1558 2844 Polynicis,
1599 2781 1683 2830 sed
1712 2781 1770 2828 ad

94 2882 265 2917 omnes
292 2867 443 2916 duces
470 2868 730 2916 Thebanos
756 2868 1050 2926 referamus,
1078 2883 1279 2929 quorum
1308 2867 1532 2915 Eteocles
1559 2866 1774 2914 nondum

82 2958 384 3016 ‘quemquam
431 2953 632 3002 miserit.
690 2954 837 3002 Recte
881 2967 994 3001 vero
1039 2952 1228 3000 videtur
1264 2952 1560 3000 Ritschelius
1599 2967 1641 2998 v.
1675 2953 1770 2997 633

92 3039 245 3087 verba
270 3035 328 3086 σὺ
356 3027 397 3086 δ’
422 3035 568 3094 αὐτὸς
593 3035 748 3107 γνῶθι
774 3053 885 3095 ηοη,
923 3044 975 3085 ut
1000 3037 1307 3085 Hermannus
1343 3038 1549 3095 censuit,
1584 3050 1705 3083 cum
1726 3036 1771 3082 vi

96 3126 304 3187 quadam
341 3124 523 3188 repeti,
566 3123 651 3171 sed
687 3123 983 3187 interpolata
1010 3122 1279 3171 credidisse
1306 3136 1364 3170 ex
1394 3138 1437 3170 ν.
1470 3123 1584 3180 631,
1619 3123 1772 3168 recte-

96 3223 190 3272 que
214 3210 313 3258 tale
339 3210 540 3274 aliquid,
568 3209 712 3271 quale
738 3205 796 3257 τὸ
824 3205 907 3256 σὸν
935 3196 1074 3254 δὀῧν
1101 3205 1203 3255 ἐστι
1230 3206 1560 3256 substituisse.

203 3293 384 3343 Contra
421 3296 468 3342 in
509 3295 720 3358 septimo
759 3295 889 3356 regis
930 3307 1169 3356 responso
1216 3293 1378 3341 omnia
1422 3306 1529 3340 cum
1575 3291 1773 3354 egregia
