2055 3589
1061 228 1126 278 52

258 412 438 460 scholio
467 425 509 456 v.
539 408 636 454 555
665 410 779 469 post
807 405 903 451 558
934 401 1254 457 collocemuS,
1291 396 1420 459 quod
1456 395 1624 444 addito
1653 397 1756 444 554
1782 395 1930 444 etiam

260 494 473 544 l'rienius
512 497 559 539 et
594 489 805 538 Keckius
842 487 1121 544 voluerunt,
1159 498 1250 532 nec
1285 487 1338 530 ut-
1370 485 1488 544 post
1523 496 1568 529 v.
1598 482 1696 530 559
1734 495 1930 530 versum

256 581 462 641 aliquem
507 591 562 624 ex
606 574 828 638 partibus
873 569 1082 620 nominis
1128 566 1377 630 Polynicis
1421 565 1751 629 compositum
1799 566 1929 614 inse-

257 677 431 711 ramuS.

358 746 544 807 Quibus
572 758 630 792 ne
656 741 935 790 Dindorfius
964 738 1158 801 quidem
1186 737 1414 795 accessit,
1443 737 1531 785 sed
1558 736 1702 785 eiecit
1726 751 1804 784 vv.
1830 737 1928 784 565

257 859 309 864 -·
326 833 439 888 567,
467 830 624 877 locum
646 826 900 889 gravitatis
922 823 1397 887 pulchritudinisque
1419 822 1620 885 plenum
1648 825 1696 869 et
1720 821 1931 870 fortasse

257 916 435 964 leuiore
462 913 700 961 medicina
724 909 959 958 mendoso
988 924 1031 956 v.
1057 910 1154 956 565
1184 908 1405 956 adhibita
1431 907 1719 956 sanandum.
1773 904 1931 966 Quae-

256 1002 373 1048 ritur
405 999 553 1054 cnim,
594 996 709 1058 quid
744 995 790 1042 in
819 994 901 1042 illo
930 994 1024 1042 sibi
1053 993 1171 1041 velit
1196 989 1378 1060 μητρὸς
1402 983 1580 1060 πτιγτζῗ
1628 991 1932 1041 Scholiastes

254 1085 481 1147 explicat:
516 1082 768 1129 lacrumas.
825 1079 944 1127 Tum
972 1093 1087 1127 vero
1115 1078 1263 1142 plane
1290 1077 1624 1126 necessarium
1650 1077 1852 1136 fuisset,
1881 1081 1935 1124 ut

254 1158 474 1234 δακρύων
502 1165 574 1213 vel
604 1159 843 1232 ὀμμάτων
869 1164 1139 1212 accederet.
1189 1163 1500 1212 Hermannus
1527 1168 1802 1212 maternum
1826 1162 1933 1210 fon-

253 1260 344 1301 tem
373 1250 605 1300 declarari
636 1249 810 1306 voluit,
849 1263 972 1311 quae
1000 1249 1111 1312 ipsa
1138 1253 1293 1297 mater
1319 1249 1408 1307 sit,
1443 1243 1745 1311 κατασβέσει
1772 1251 1935 1296 autem

252 1338 510 1398 imaginem
539 1334 792 1383 occidendi
822 1349 947 1382 esse.
998 1335 1063 1382 At
1097 1335 1199 1382 iure
1226 1333 1524 1382 Ritschelius
1550 1333 1812 1383 oblocutus
1840 1337 1933 1392 est,

251 1423 375 1485 quod
412 1420 529 1468 illud
567 1419 825 1468 (licendum
863 1419 1007 1466 fuerit
1042 1415 1232 1487 μητέρα
1267 1417 1445 1488 πηγήν.
1498 1419 1616 1482 Ipse
1642 1424 1804 1467 autem
1831 1417 1932 1465 Rit-

251 1506 463 1555 schelius
491 1519 658 1553 vocem
687 1500 867 1572 μητρὸς
894 1503 1145 1564 glossema
1172 1519 1282 1552 esse
1311 1504 1519 1567 putavit,
1549 1504 1678 1566 quod
1707 1518 1797 1567 pro
1823 1517 1933 1570 τρο-

252 1596 340 1658 φῆς
366 1589 644 1653 irrepserft3
676 1604 768 1652 quo
796 1589 1021 1637 restituto
1047 1589 1171 1637 haec
1192 1590 1439 1637 sententia
1460 1588 1737 1637 efficeretur
1758 1587 1937 1637 ‘officia

252 1678 296 1723 in
325 1680 554 1738 parentes
582 1674 713 1722 nullo
741 1674 845 1722 iure
871 1674 1147 1722 tolluntur'.
1195 1674 1317 1722 Tum
1343 1688 1461 1722 vero
1489 1673 1748 1737 sequentia
1772 1673 1934 1722 seiun—

251 1761 408 1822 genda
433 1765 562 1821 sunt,
590 1774 695 1807 cum
723 1774 820 1807 non
847 1759 1044 1822 possint
1071 1760 1198 1808 inter
1224 1775 1276 1808 se
1305 1759 1534 1823 componi
1561 1764 1609 1807 et
1634 1758 1932 1822 comparari:

252 1845 349 1894 ‘ius
378 1845 587 1909 patrium
618 1859 809 1893 sacrum
837 1845 950 1903 est',
987 1848 1036 1892 et
1062 1845 1251 1907 ‘patria
1276 1846 1367 1894 abs
1393 1850 1442 1893 te
1476 1845 1608 1893 bello
1645 1849 1813 1908 capta,
1847 1844 1934 1892 tibi

253 1946 444 1994 semper
471 1930 745 1978 irascetur’.
796 1929 968 1992 Itaque
995 1929 1294 1979 Ritschelius
1329 1931 1377 1978 in
1406 1930 1568 1993 priore
1604 1929 1851 1979 sententia
1881 1924 1937 1976 τὲ

253 2017 298 2063 ἰιι
326 2004 398 2076 δέ,
439 2016 566 2078 quod
595 2015 706 2063 libri
734 2016 781 2062 in
809 2016 962 2064 altero
991 2016 1242 2064 enuntiato
1268 2017 1468 2074 habent,
1507 2017 1718 2064 mutavit
1743 2014 1937 2077 duoque

252 2106 536 2163 argumenta
562 2100 621 2148 iis
650 2101 884 2149 contineri
911 2101 1179 2150 arbitratus
1216 2107 1316 2160 est,
1351 2101 1530 2164 quibus
1556 2100 1807 2163 Polynicis
1831 2100 1936 2148 bel-

253 2187 347 2233 lum
375 2192 542 2234 contra
577 2186 786 2248 patriam
823 2191 871 2234 et
904 2186 1109 2249 impium
1147 2192 1195 2234 et
1229 2187 1431 2235 demens
1468 2201 1580 2235 esse
1616 2185 1821 2234 dicatur.
1874 2185 1941 2233 At

254 2276 354 2318 tota
402 2271 525 2319 ratio
577 2271 924 2318 sententiarum
987 2271 1434 2334 componendarum
1493 2271 1939 2332 nectendarumque

254 2357 488 2415 ostendit,
524 2361 719 2419 poetam
748 2357 1163 2419 comparationem
1192 2371 1281 2420 per
1305 2351 1363 2402 τὲ
1389 2383 1454 2388 —
1483 2351 1536 2403 τὲ
1568 2356 1832 2404 indicatam
1864 2351 1941 2416 (ut

256 2442 424 2502 Agam.
456 2444 570 2488 307.
602 2444 698 2489 309
735 2437 791 2487 τὲ
818 2468 883 2473 -
911 2439 1014 2502 καῦ
1051 2442 1276 2503 dedisse,
1311 2441 1604 2505 praesertim
1639 2455 1746 2489 oum
1783 2444 1941 2488 mater

256 2527 438 2587 optima
475 2532 523 2573 et.
561 2527 885 2575 usitatissima
923 2527 1111 2589 patriae
1150 2527 1312 2589 imago
1351 2526 1429 2574 sit.
1484 2526 1655 2588 Itaque
1691 2526 1738 2574 in
1774 2526 1939 2590 priore

256 2611 502 2658 enuntiato
539 2613 780 2660 sententia
815 2612 990 2661 similis
1032 2612 1100 2672 ei,
1140 2627 1262 2675 quae
1288 2613 1339 2660 in
1365 2611 1522 2660 altera
1546 2612 1698 2671 inest,
1737 2611 1824 2660 sed
1851 2625 1941 2674 per

258 2696 512 2756 imaginem
542 2711 773 2759 expressa
800 2697 1082 2759 quaerenda
1115 2698 1222 2745 erit.
1271 2697 1404 2745 Talis
1432 2711 1548 2745 vero
1575 2711 1632 2744 ex
1659 2697 1939 2745 coniectura

257 2779 457 2828 Seidleri
504 2781 646 2828 ctiam
689 2783 749 2830 ab
796 2781 1075 2831 Hermanno
1121 2782 1322 2830 laudata
1365 2782 1556 2845 prodit,
1599 2778 1805 2850 πληγὴν
1849 2797 1939 2845 pro

256 2861 418 2932 πηγὴν
453 2866 735 2926 scribentis,
779 2872 832 2915 ut
866 2867 1044 2915 iniuria
1079 2868 1265 2929 pat-riae
1301 2868 1440 2916 illata
1475 2881 1584 2915 eum
1618 2867 1819 2915 vulnere
1854 2881 1937 2914 ne-

259 2951 382 2997 fasto
413 2951 579 2997 matris
607 2958 934 3014 comparetur,
963 2968 1057 3015 quo
1085 2954 1230 3001 etiam
1257 2953 1307 3000 in
1329 2951 1524 3001 Orestia
1543 2951 1720 3000 Furias
1741 2952 1942 3000 excitari

260 3035 462 3096 legimus
491 3034 625 3084 Eum.
651 3039 743 3083 105
773 3034 860 3103 ὅρα
887 3025 941 3084 δὲ
972 3034 1167 3117 Ἶληγοὶς
1199 3026 1350 3094 vig&
1384 3024 1586 3104 καρδίας
1618 3031 1746 3083 ὅθεν.
1797 3035 1940 3085 Com-

260 3119 443 3178 paratio
471 3127 631 3167 autem
659 3121 729 3168 sio
753 3121 1002 3171 instituta:
1033 3122 1234 3171 ‘vulnus
1260 3123 1407 3171 matri
1430 3122 1617 3170 illatum
1650 3121 1838 3169 nullum
1862 3121 1940 3169 ius

259 3203 549 3264 restinguet3
584 3205 650 3251 ita
675 3206 835 3268 patria
859 3207 948 3255 abs
976 3213 1023 3256 te
1052 3211 1246 3255 vastata
1272 3221 1534 3270 numquam
1561 3206 1651 3255 tibi
1676 3205 1938 3268 ignoscet',

260 3301 375 3333 sane
406 3304 496 3334 uon
527 3289 668 3350 plane
696 3299 903 3352 aequata
929 3298 1028 3349 est,
1067 3292 1154 3340 sed
1191 3293 1237 3339 in
1265 3292 1419 3340 altero
1447 3291 1665 3340 membro
1692 3291 1768 3339 ius
1794 3289 1937 3352 Poly-
