2055 3589
847 106 909 158 11

50 288 440 340 coniunctionem
466 283 792 332 arctissimam
820 295 1066 338 versuum,
1097 282 1259 326 tamen
1286 291 1462 326 causas
1487 277 1731 334 metricas,

52 374 228 438 quibus
267 374 611 432 segregentur,
658 383 754 416 non
793 365 976 427 negligi
1014 365 1158 412 docet
1191 363 1357 411 hiatus
1395 363 1444 410 in
1484 362 1555 409 eis
1594 362 1732 420 lociS,

52 458 228 521 quibus
272 455 425 503 verba
471 453 547 501 vel
592 451 868 500 arctissime
913 451 1198 505 cohaerent,
1245 448 1380 496 velut
1422 446 1594 509 Suppl.
1633 448 1694 493 27
1703 448 1731 493 5

31 541 217 610 ’ᾔκασα
242 565 307 572 -
336 538 482 604 ὑμᾶς·
523 538 622 584 350
663 531 878 602 ἐφέστιοι
911 560 980 567 -—
1008 531 1150 600 ἐμῶν.
1191 534 1289 580 595
1329 528 1439 578 τινὰ
1469 561 1540 567 —
1575 533 1733 599 ἄγειν·

51 631 170 683 etc.;
195 629 249 672 ut
274 622 584 671 manifestum
613 620 678 669 sit
702 620 987 668 recitatione
1014 623 1270 680 utramque
1295 617 1536 664 rationem
1561 620 1610 664 et
1635 630 1734 663 me-

52 711 226 760 tricam
253 714 302 757 et
326 706 695 769 grammaticam
723 705 868 753 simul
896 704 1220 766 significatam
1247 716 1383 761 esse,
1421 701 1632 749 fortasse
1665 701 1735 747 in—

52 795 210 844 hibita
236 807 354 842 voce
381 796 497 855 post
522 790 680 838 exitus
703 803 948 848 versuum,
978 788 1224 837 declinata
1248 790 1409 834 autem
1436 786 1485 833 in
1506 785 1600 834 fine
1626 799 1735 832 sen-

52 879 327 928 tentiarum.

157 963 329 1024 Itaque
369 975 477 1009 cum
516 974 686 1008 omnes
726 974 899 1008 versus
937 959 1063 1006 inter
1108 973 1160 1006 se
1195 956 1427 1019 aequales
1463 955 1738 1011 decurrant,

51 1063 157 1097 non
179 1046 330 1113 prius
356 1045 569 1093 metrica
596 1043 799 1092 ratione
826 1041 1162 1107 definiuntur,
1202 1057 1361 1107 quam
1387 1037 1535 1088 aliud
1558 1045 1739 1086 metro-

51 1149 169 1183 rum
201 1148 364 1198 glenus
400 1128 657 1178 succedat.
717 1130 878 1191 Atque
915 1130 1124 1192 primum
1160 1126 1294 1175 inter
1318 1141 1370 1174 se
1394 1122 1603 1174 ‘virise-eri
1621 1139 1740 1190 pos—

53 1223 172 1266 sunt
197 1220 352 1264 metra
378 1216 610 1263 diverbii:
639 1213 861 1261 trionem-i
884 1220 931 1260 et
956 1211 1264 1270 tetrametrss·
1293 1227 1389 1274 qua
1413 1211 1600 1259 ratione
1628 1226 1740 1272 pro-

52 1304 179 1350 fecto
207 1316 415 1362 corpora
439 1300 692 1360 utriusque
714 1299 908 1359 generis
931 1297 1240 1345 definiuntur.
1282 1296 1405 1344 Nam
1427 1311 1568 1344 nemo
1591 1309 1741 1343 sanus

57 1387 229 1435 Weilio
257 1385 471 1443 accedet,
499 1384 580 1446 qui
609 1388 661 1431 ut
686 1383 934 1431 trimetros
962 1397 1071 1430 cum
1098 1381 1395 1430 tetrametris
1418 1385 1741 1443 compararet,

55 1471 356 1520 confidenter
381 1470 547 1517 attulit
573 1469 844 1516 doctrinam
867 1467 1313 1529 grammaticorum,
1341 1480 1437 1528 qua
1461 1469 1743 1514 tetrameter

52 1556 332 1606 trochaicus
360 1569 416 1603 ex
443 1554 634 1602 duobus
662 1553 917 1602 ordinibus
946 1557 1172 1600 constare
1208 1550 1475 1608 diceretur,
1511 1566 1601 1599 nec
1626 1565 1742 1598 vero

53 1641 299 1706 probavit,
328 1640 552 1701 singulos
580 1639 780 1687 ordines
805 1638 1039 1686 trimetris
1061 1637 1413 1700 aequiparatos
1436 1650 1562 1694 esse,
1591 1652 1620 1683 a
1639 1636 1742 1697 qui-

55 1729 146 1776 bus
190 1729 502 1773 tetrametros
548 1724 732 1771 distare
778 1737 897 1771 usus
942 1737 1100 1786 aeque
1133 1727 1280 1784 atque
1316 1735 1548 1769 mensura
1586 1721 1742 1769 docet.

55 1810 345 1859 Tetrametri
384 1810 511 1857 enim
554 1823 661 1856 cum
700 1808 749 1855 in
789 1807 1134 1870 antiquissima
1170 1808 1427 1870 tragoedia
1471 1807 1744 1855 diverbium

56 1895 384 1945 obtinuissent
409 1890 633 1954 (Aristot.
664 1894 722 1940 A.
750 1893 802 1940 P.
835 1893 919 1954 IV,
952 1888 1062 1955 18),
1101 1893 1246 1940 etiam
1280 1893 1328 1940 in
1360 1892 1551 1948 Persis,
1588 1891 1746 1954 prima

58 1981 193 2030 cuius
222 1980 417 2042 quidem
443 1986 639 2042 tempus
666 1978 954 2026 noverimus
979 1977 1147 2025 fabula
1165 1977 1399 2039 Aeschyli
1426 1977 1744 2039 comprehen-

56 2067 177 2114 dunt
202 2081 279 2112 vv.
310 2066 609 2123 154—174,
644 2064 956 2121 214—247,
987 2065 1286 2121 698—700,
1316 2064 1609 2121 wal—759,
1637 2076 1745 2110 cum

56 2149 291 2197 trimetris
317 2150 387 2197 ita
411 2149 564 2207 mixti,
598 2154 651 2196 ut
674 2149 724 2195 in
752 2148 912 2211 prima
937 2152 1077 2211 parte
1104 2147 1300 2196 fabulae
1328 2148 1570 2196 somnium
1598 2148 1743 2195 Atos-

57 2249 142 2282 sae
170 2239 218 2282 et
245 2233 539 2296 colloquium
567 2233 724 2281 nuntii
750 2247 857 2280 cum
878 2233 1049 2294 regina
1069 2237 1118 2281 et
1138 2233 1285 2281 choro
1307 2233 1541 2281 trimetris
1563 2233 1747 2294 scripta

55 2321 177 2378 sint,
214 2319 263 2367 in
290 2318 446 2367 altera
471 2318 647 2367 Darius
675 2322 790 2381 post
817 2318 1075 2381 stropham
1103 2318 1236 2366 chori
1266 2318 1528 2367 salutantis
1556 2317 1618 2365 ad
1646 2317 1744 2366 col-

54 2404 273 2467 loquium
295 2418 403 2452 cum
424 2404 610 2452 Atossa
629 2405 927 2452 tetrametris
948 2403 1322 2466 instituendum,
1347 2404 1410 2452 ab
1438 2403 1745 2451 enarratione

58 2505 219 2539 rerum
246 2505 275 2537 a
299 2489 547 2552 prioribus
575 2489 777 2551 regibus
806 2495 1053 2551 gestarum
1083 2489 1227 2537 choro
1257 2488 1548 2552 exponenda
1572 2488 1635 2537 ad
1660 2488 1745 2536 tri-

55 2579 239 2624 metros
264 2578 499 2623 transeat.
540 2574 594 2622 In
622 2575 893 2622 recentiore
916 2588 1030 2621 vero
1058 2574 1317 2635 tragoedia
1341 2573 1612 2622 tetrametri
1636 2577 1744 2621 tan-

56 2659 306 2714 tummodo
333 2659 396 2707 ad
416 2660 651 2708 maiorem
671 2664 854 2707 motum
875 2658 1189 2706 indicandum
1210 2659 1586 2716 adhibebantur,
1615 2658 1744 2721 quod

58 2745 189 2807 apud
216 2744 516 2805 Aeschylum
551 2745 732 2792 factum
766 2744 991 2791 videmus
1028 2745 1202 2805 Agam.
1232 2747 1378 2792 1304.
1413 2746 1560 2792 1306.
1596 2746 1744 2803 1307,

57 2829 141 2878 ubi
169 2829 344 2878 chorus
372 2828 669 2877 clamoribus
696 2829 829 2890 regis
858 2829 1118 2888 excitatur,
1157 2834 1205 2877 et
1239 2829 1354 2878 ibid.
1383 2830 1743 2888 1619—1644,

59 2914 236 2976 quibus
274 2909 527 2962 altercatio
555 2913 780 2975 Aegisthi
818 2919 866 2962 et
900 2915 1034 2962 chori
1073 2914 1416 2963 inflammatior
1453 2914 1746 2962 describitur

0 3057 1 3071 χ
60 2999 300 3061 simulque
325 2999 492 3048 fabula
517 2999 838 3058 concluditur,
867 3004 919 3047 ut
944 2999 1062 3047 alibi
1091 3001 1374 3062 systematis
1396 3000 1742 3062 anapaesticis

0 3083 1 3096 ¹
62 3082 154 3144 Qui
187 3085 283 3133 loci
318 3099 427 3133 cum
461 3089 657 3148 praeter
685 3100 833 3133 unum
861 3100 1030 3133 omnes
1057 3085 1243 3133 maiora
1269 3099 1477 3149 corpora
1502 3086 1743 3134 trimetro-

60 3184 166 3217 rum
201 3174 692 3232 tetrametrorumque
728 3185 882 3233 eaque
918 3169 1052 3218 nulla
1086 3170 1362 3233 argumenti
1397 3170 1583 3220 ratione
1618 3171 1768 3221 inter·
1814 3215 1816 3217 a
