2055 3589
943 69 1007 118 65

38 279 43 283 .
131 236 536 299 stichomythicus
591 229 861 296 subicitur}
904 240 995 287 toti
1037 243 1198 287 autem
1253 253 1458 287 scaenae
1503 239 1648 302 finem
1699 240 1815 288 facit

129 325 302 383 quarta
327 321 483 369 maior
521 320 651 383 ῥῆσις
676 321 882 382 virginis
917 322 1168 381 fatidicae,
1204 338 1298 371 uno
1326 337 1472 371 versu
1498 323 1632 370 chori
1667 324 1814 371 inter-

129 404 337 466 pellata..
384 404 625 452 Divisioni
653 408 814 453 autem
841 405 1024 453 formae
1052 406 1300 464 convenit,
1338 410 1392 453 ut
1417 421 1506 468 par
1533 410 1631 465 est,
1672 421 1813 469 prae-

128 488 405 535 clarissima
432 488 694 551 dispositio
728 489 1030 551 argumenti,
1065 503 1175 550 qua,
1203 489 1331 550 quod
1365 489 1563 538 Weilius
1596 490 1814 538 animad-

127 571 272 619 vertit
307 571 536 619 vaticinia
575 572 745 620 eodem
783 573 952 621 ordine
990 573 1263 636 procedunt
1296 588 1440 635 quam
1482 573 1634 636 lyrica
1672 589 1812 637 prae-

125 655 292 703 missa.
351 654 473 703 Nam
502 654 783 704 Cassandra
818 657 1029 719 primum
1056 661 1224 705 vetera
1259 657 1432 705 domus
1469 656 1812 720 Pelopidarum

124 738 254 786 mala
281 754 516 800 suamque
542 744 695 787 artem
725 740 1019 789 vaticinandi
1047 741 1230 802 tangit,
1257 740 1369 788 dein
1398 741 1539 789 novis
1566 742 1813 790 furoribus

125 827 350 886 correpta
388 823 448 869 ad
490 823 874 884 Agamemnonis
916 825 1142 884 caedem,
1188 829 1438 886 postremo
1485 825 1591 872 loco
1636 820 1812 873 iterum

124 906 289 954 divino
333 906 565 954 instinctu
609 911 740 954 tacta
780 908 840 955 ad
886 923 1026 956 suum
1070 909 1234 972 ipsius,
1273 908 1424 956 fatum
1469 909 1673 970 transit,
1718 923 1812 970 quo

123 990 267 1038 simul
308 1005 415 1038 cum
454 990 639 1038 ultione
685 992 779 1039 sibi
824 992 1074 1054 speranda
1119 992 1367 1040 enuntiato
1409 993 1602 1040 domum
1649 993 1812 1040 intrat.

123 1071 258 1134 Quae
284 1079 452 1138 partes
481 1075 678 1136 egregie
705 1076 966 1124 distinctae
1006 1076 1221 1125 numeris
1249 1076 1446 1125 minime
1474 1076 1813 1139 aequabilibus

123 1159 630 1222 comprehenduntur:

174 1242 222 1290 I:
269 1245 613 1292 1137-1172
650 1242 790 1303 (36);
832 1238 893 1289 Κ.
923 1245 986 1291 20
1023 1238 1096 1306 (2,
1135 1247 1179 1291 4.
1221 1245 1265 1290 2.
1306 1245 1359 1301 2,
1400 1246 1444 1300 3,
1484 1247 1528 1292 3.
1577 1249 1618 1301 1,
1662 1248 1703 1302 l,
1742 1245 1812 1305 2).

832 1322 890 1374 X.
919 1331 966 1375 4.
1007 1326 1078 1387 (1.
1110 1326 1161 1387 1)
1188 1338 1243 1374 ><
1273 1329 1317 1375 6.

143 1410 216 1458 II:
263 1413 606 1460 1173—1214
644 1410 784 1472 (42):
825 1406 885 1457 Κ.
916 1413 979 1460 28
1009 1406 1205 1474 (ἰῐιῒθι·ἰ.,
1235 1413 1279 1459 2.
1306 1413 1350 1469 2,
1381 1415 1425 1460 4.
1457 1415 1502 1459 4.
1529 1415 1574 1459 4.
1607 1414 1650 1470 7,
1681 1417 1720 1462 l.
1746 1408 1811 1475 3).

824 1490 882 1541 X.
913 1499 959 1543 4.
1001 1492 1154 1559 (1.1)
1186 1507 1241 1542 ><
1277 1497 1322 1544 5.

120 1578 217 1627 111:
263 1580 607 1628 1215—1290
644 1575 786 1643 (76):
830 1574 889 1625 Κ.
920 1581 982 1628 39
1020 1579 1089 1639 (2.
1121 1582 1165 1628 6.
1204 1581 1327 1639 2,1,
1363 1581 1409 1628 2.
1449 1582 1493 1627 4.
1527 1582 1572 1637 2,
1605 1582 1652 1639 2,
1690 1582 1735 1627 2.
1771 1585 1814 1642 1,

825 1665 871 1721 2,
900 1665 947 1722 2,
977 1665 1021 1711 2.
1060 1667 1182 1722 4,1.
1222 1662 1291 1726 4.)
1334 1658 1391 1709 Χ.
1416 1666 1460 1711 4.
1493 1657 1573 1726 (Κ.
1601 1667 1643 1710 1.
1671 1657 1730 1709 X.
1759 1662 1810 1723 1)

830 1758 885 1794 ><
908 1750 953 1795 4.
996 1742 1163 1796 kint.
1195 1741 1258 1795 X.
1288 1751 1328 1795 1.
1359 1746 1428 1807 (1.
1459 1743 1510 1811 1)
1538 1757 1593 1793 ><
1623 1748 1668 1794 2.
1699 1732 1758 1793 K.
1785 1749 1812 1795 s

820 1827 887 1893 (2.
916 1832 1027 1888 int.,
1057 1829 1123 1892 5.)
1167 1826 1228 1877 Χ.
1256 1835 1296 1879 1.
1338 1826 1399 1877 Κ.
1428 1833 1488 1879 10
1518 1827 1585 1893 (6,
1615 1829 1681 1893 4).

229 1913 368 1962 Unde
405 1913 553 1975 igitur
581 1913 783 1962 Weilius
819 1916 1173 1978 responsiones
1209 1929 1325 1962 suas
1352 1919 1524 1962 nactus
1552 1913 1667 1963 est?
1711 1914 1813 1962 Pri-

120 2014 248 2046 mum
287 1998 503 2060 neglexit
538 1998 829 2046 divisionem
866 2004 915 2047 et
947 2000 1096 2048 rebus
1134 2003 1182 2047 et
1215 1999 1372 2048 forma
1408 1999 1637 2061 colloquii
1672 2014 1813 2061 aper-

120 2083 308 2132 tissime
355 2083 620 2130 indicatam
666 2083 969 2144 alteramque
1013 2088 1204 2146 partem
1243 2099 1273 2131 a
1307 2099 1350 2132 v.
1398 2084 1546 2141 1207,
1591 2087 1814 2145 quartam

121 2168 367 2230 quandam
396 2183 425 2215 a
452 2184 496 2215 v.
534 2169 663 2215 1265
702 2167 918 2229 incipere
952 2167 1088 2226 fecit3
1126 2168 1316 2215 scilicet
1349 2171 1462 2215 ante
1490 2182 1612 2229 quos
1641 2182 1813 2216 versus

120 2267 304 2315 pausas
333 2252 540 2300 actionis
582 2251 879 2299 dramaticae
908 2251 1001 2300 sibi
1029 2251 1250 2300 invenire
1278 2251 1414 2300 visus
1437 2257 1533 2309 est3
1562 2267 1667 2298 eum
1696 2252 1812 2298 mihi

120 2337 284 2401 potius
320 2340 524 2399 uterque
563 2350 734 2384 versus
772 2340 820 2383 et
856 2350 1004 2384 sensu
1040 2340 1088 2384 et
1124 2337 1288 2384 verbis
1318 2331 1469 2399 (ἀλλά
1504 2343 1553 2383 et
1583 2333 1645 2381 *ri*
1667 2323 1813 2382 δ’ἐστὶ

116 2417 303 2488 χρῆμα)
341 2421 614 2468 arctissime
650 2435 757 2468 eum
804 2420 1137 2482 superioribus
1177 2435 1388 2469 conexus
1428 2433 1538 2467 esse
1576 2419 1810 2468 videatur.

119 2505 242 2553 Tum
285 2519 384 2552 non
432 2504 594 2552 minus
645 2504 868 2566 peccavit
916 2505 966 2551 in
1017 2505 1226 2566 singulis
1270 2505 1494 2567 partibus
1540 2503 1812 2551 orationum

119 2589 492 2648 distribuendiS‚
513 2588 651 2636 velut
672 2602 779 2636 cum
803 2604 847 2636 v.
870 2589 998 2636 1238
1022 2593 1311 2650 argumento
1335 2594 1384 2636 et
1409 2588 1570 2636 verbis
1599 2583 1674 2651 (οὐ
1701 2583 1812 2654 μήν)

118 2687 273 2735 aeque
317 2688 348 2720 a
391 2672 802 2736 praecedentibus
847 2672 1130 2720 distinctum
1185 2687 1291 2720 cum
1342 2672 1440 2719 illis
1492 2671 1813 2732 coniungeret

120 2771 394 2819 novamque
432 2760 622 2819 partem
659 2755 900 2818 inciperet
924 2771 967 2803 a.
997 2772 1042 2804 v.
1077 2757 1224 2804 1236.
1278 2755 1465 2804 Deinde
1492 2756 1540 2802 in
1568 2756 1811 2820 omnibuS‚

120 2855 241 2904 quas
278 2841 404 2888 inter
431 2854 484 2888 se
512 2839 746 2903 opposuit
771 2839 991 2902 periodis
1018 2855 1114 2887 una
1140 2844 1344 2903 excepta
1368 2839 1489 2887 nihil
1517 2839 1611 2888 nisi
1647 2853 1811 2887 nume-

119 2939 201 2974 ros
231 2939 458 2973 versuum
484 2924 680 2984 habuit,
718 2938 841 2986 quos
878 2925 1026 2973 rebus
1063 2938 1214 2986 saepe
1250 2938 1669 2986 personarumque
1697 2922 1811 2970 vici-

118 3009 213 3058 bus
256 3009 404 3073 plane
444 3008 653 3057 diversis
697 3009 826 3057 inter
870 3023 924 3057 se
967 3007 1271 3071 respondere
1313 3008 1646 3056 contenderet.
1722 3006 1815 3053 Illa

120 3096 298 3153 autem,
321 3108 465 3156 quam
487 3097 585 3141 tam
611 3092 912 3142 confidenter
938 3092 1144 3156 protulit
1170 3093 1427 3155 responsio
1453 3097 1529 3140 est
1555 3091 1812 3153 quinorum

1451 3171 1476 3212 5
