2055 3589
809 37 897 87 ’39

135 209 238 259 Nec
264 225 378 258 vero
405 210 487 271 qui
512 209 582 258 rei
608 208 804 272 publice
829 209 1179 258 adversaretur
1209 214 1434 272 repertus
1472 214 1547 258 est
1582 210 1712 272 quis-

32 310 176 358 quam
215 298 410 356 praeter
444 292 856 350 Heimsoethium,
897 294 979 355 qui
1018 295 1067 340 in
1109 294 1233 342 libro
1262 294 1384 355 „Die
1418 294 1714 343 Restitution

31 380 118 428 des
139 376 446 440 Aeschylus“
470 393 579 426 cum
600 377 783 440 passim
812 377 970 425 locum
997 377 1175 439 tetigit,
1205 382 1304 425 tum
1334 393 1416 442 pp.
1435 381 1710 427 437—449

30 467 318 526 argumenta
342 462 705 524 aequabilitatis
732 461 954 510 refellere
981 461 1192 520 studuit3
1228 462 1368 523 isque
1394 463 1577 510 nullum
1608 478 1712 511 ver-

32 562 139 597 sum
183 529 537 610 supplendum,
585 547 769 595 nullum
813 546 1121 594 abiciendum
1164 560 1273 594 esse
1315 547 1408 595 sibi
1447 548 1711 610 persuasit.

0 695 1 699 Ἰ
29 633 259 681 Attamen
287 646 394 679 cuni
421 645 519 679 non
546 632 708 680 omnia
734 629 1010 679 orationum
1036 631 1177 694 paria
1213 621 1520 690 tractarerit,
1556 647 1713 695 neque

29 717 211 779 ubique
242 716 516 764 rationibus
550 730 670 764 usus
705 716 795 775 sit,
836 716 1012 778 quibus
1051 716 1280 764 assentiri
1319 717 1717 780 possim,bliceat

30 802 225 863 singula
261 805 549 861 argumenta
584 801 923 863 responsionis
962 801 1120 849 denuo
1159 803 1370 848 tractare
1406 805 1454 848 et
1490 806 1714 850 accurate

28 886 288 947 inquirere,
314 899 376 932 an
404 884 583 932 damna
606 885 816 933 traditae
844 886 1116 948 scripturae
1144 885 1346 932 lacunas
1374 885 1713 949 interpolatio-

27 984 213 1032 nesque
238 969 469 1031 indicent,
503 970 681 1032 quibus
709 970 943 1018 sanandis
971 971 1034 1018 ad
1062 970 1436 1032 responsionem
1465 970 1713 1020 ducamur.

134 1054 190 1102 In
223 1053 393 1118 primo
432 1055 581 1116 igitur
618 1055 892 1103 orationum
933 1055 1040 1117 pari
1080 1055 1246 1102 nuntio
1286 1055 1455 1103 tributi
1497 1060 1611 1104 sunt
1650 1057 1713 1104 22

29 1153 220 1198 versuS,
246 1139 350 1200 regi
379 1141 458 1188 20.
507 1139 820 1198 Ritsehelius,
849 1139 926 1187 cui
953 1140 1174 1188 obsecuti
1202 1145 1316 1187 sunt
1341 1140 1558 1189 Keekius
1589 1141 1715 1189 Wei-

27 1225 123 1272 lius
150 1224 455 1284 Dindorfius‚
496 1239 725 1272 numeros
751 1225 962 1272 intactos
988 1225 1208 1286 reliquit,
1237 1224 1324 1272 sed
1353 1225 1421 1272 ita
1447 1226 1509 1273 ad
1537 1241 1714 1288 aequa-

29 1309 268 1356 bilitatem
294 1309 561 1367 revocavit,
588 1313 641 1356 ut
659 1324 834 1357 versus
858 1310 972 1356 356.
994 1310 1090 1356 357
1116 1324 1204 1370 pro
1228 1310 1478 1372 prooemio
1502 1311 1716 1359 omnium

30 1393 358 1441 nuntiatorum
386 1393 590 1441 haberet
616 1398 664 1441 et
688 1409 717 1440 a
743 1393 944 1454 reliquis
974 1393 1197 1441 versibus
1227 1399 1517 1443 secerneret.
1573 1396 1638 1443 At
1664 1399 1717 1444 ut

27 1477 247 1526 omittam
274 1478 621 1540 gravissimam
648 1478 1016 1535 dubitationem,
1044 1494 1109 1525 an
1130 1477 1306 1527 divisio
1334 1480 1569 1528 orationis
1600 1495 1713 1528 con-

26 1563 227 1611 tinentis
253 1578 343 1626 per
369 1563 659 1611 sententiam
696 1564 824 1610 facta
849 1564 1124 1626 comparari
1151 1564 1313 1626 possit
1341 1579 1449 1612 cum
1477 1580 1558 1623 ea,
1588 1579 1713 1627 quae

28 1663 86 1696 ex
111 1662 436 1710 personarum
461 1648 652 1697 vicibus
689 1649 888 1707 existat,
927 1648 1047 1695 illud
1083 1649 1244 1711 ipsum
1281 1655 1623 1711 argumentum
1659 1666 1716 1698 ex

27 1733 273 1782 sententia
311 1733 517 1796 petitum
554 1733 713 1781 locum
751 1733 977 1793 haberet,
1027 1734 1074 1783 si.
1115 1738 1198 1781 aut
1236 1738 1426 1782 ceterae
1468 1735 1715 1784 orationes

29 1819 293 1881 prooemiis
321 1822 566 1877 carerent,
602 1823 687 1866 aut
713 1819 858 1866 etiam
885 1818 944 1866 de
971 1819 1129 1881 primo
1158 1819 1278 1867 duce
1304 1820 1518 1868 narratio
1548 1819 1714 1882 singu-

26 1903 117 1951 lari
143 1903 371 1965 ingressu
398 1903 755 1962 institueretur3
793 1904 927 1965 atqui
962 1903 1186 1952 videmus
1223 1904 1302 1951 hic
1339 1909 1386 1952 et
1423 1905 1473 1952 in
1500 1906 1714 1954 secundo

27 1992 76 2038 et
111 1988 160 2036 in
199 1993 370 2051 quarto
406 1988 562 2036 relatu
598 1989 821 2035 nuntium
855 1989 974 2036 nihil
1010 1989 1244 2050 praefari,
1282 2004 1370 2037 nec
1398 1990 1607 2051 primum
1632 1997 1717 2039 aut

29 2073 294 2121 secundum
323 2072 493 2121 ducem
521 2078 699 2134 quotus
726 2073 791 2121 sit
817 2088 1088 2136 exponere,
1130 2088 1238 2121 cum
1270 2073 1485 2136 reliquos
1514 2091 1713 2125 numero

26 2157 194 2205 addito
222 2162 270 2205 et
295 2156 384 2205 III.
415 2157 468 2205 V.
498 2157 579 2206 VI.
609 2157 716 2205 VII.
746 2159 908 2206 verbis
935 2147 1063 2214 λέξω
1092 2160 1210 2217 439,
1239 2148 1300 2205 αὖ
1327 2154 1460 2228 λέγω
1490 2162 1606 2219 507,
1633 2157 1713 2208 λε’-

25 2236 156 2310 *foui
181 2235 240 2287 ἄν
266 2243 382 2299 549,
422 2231 549 2298 λέξω
579 2244 676 2290 613
706 2243 974 2292 adnuntiet.
1027 2241 1237 2292 Gravius
1266 2245 1413 2292 etiam
1441 2250 1542 2304 est,
1583 2247 1715 2308 quod

27 2327 70 2374 si
95 2326 187 2375 hos
224 2326 346 2375 duos
373 2341 546 2375 versus
583 2328 644 2376 ob
683 2329 972 2376 sententiam
1009 2329 1315 2392 prooemium
1356 2333 1570 2378 omnium
1606 2347 1713 2380 ora-

26 2411 211 2458 tionum
234 2426 343 2460 esse
364 2411 607 2472 volumuS‚
630 2429 707 2460 vv.
729 2415 1021 2473 630—633,
1052 2415 1133 2476 qui
1156 2429 1310 2476 aeque
1332 2429 1502 2464 omnes
1525 2420 1713 2479 septem

27 2495 272 2545 orationes
300 2501 543 2560 spectant⁷
569 2498 784 2546 habendi
811 2503 925 2547 sunt
951 2514 1040 2562 pro
1070 2499 1285 2562 epilog0‚
1315 2514 1409 2562 quo
1437 2501 1638 2550 absecto
1667 2507 1715 2550 et

28 2580 224 2644 septimi
258 2582 392 2645 paris
427 2583 684 2645 responsio
712 2584 856 2646 plane
883 2584 1137 2632 tolleretur
1165 2589 1212 2632 et
1239 2585 1428 2647 epodus
1455 2581 1535 2649 (ut
1560 2587 1712 2635 nomi·-

26 2666 170 2713 nibus
196 2681 226 2713 a
252 2668 517 2715 carminum
543 2668 733 2716 ratione
761 2669 971 2731 sumptis
1007 2665 1140 2732 utar)
1177 2670 1390 2717 medium
1426 2671 1553 2719 inter
1587 2676 1711 2720 stro-

28 2750 177 2813 pham
215 2755 264 2798 et
300 2752 657 2814 antistropham
696 2754 855 2801 locum
892 2755 1112 2803 haberet.
1170 2754 1389 2818 Denique
1429 2757 1714 2818 symmetria

28 2835 267 2898 proodum
294 2841 378 2884 aut
402 2838 593 2900 utrique
620 2852 864 2900 personae
891 2843 976 2886 aut
1002 2839 1158 2886 neutri
1185 2839 1332 2888 tribui
1359 2841 1565 2900 iuberet,
1594 2857 1710 2904 qua-

25 2935 131 2968 rum
156 2921 400 2970 rationum
428 2922 562 2985 prior
586 2923 635 2970 in
662 2924 875 2972 carmine
903 2920 1000 2970 ἀπὸ
1029 2929 1207 2981 σκηνῆς
1234 2924 1368 2988 Sept.
1389 2928 1486 2975 932
1517 2930 1661 2975 extat.

133 3005 272 3068 Quod
299 3007 522 3055 Prienius
549 3009 865 3072 perspexisse
892 3009 1108 3070 videtur,
1145 3011 1227 3072 qui
1253 3025 1425 3060 versus
1461 3011 1573 3059 illos
1601 3026 1710 3059 eum

27 3091 229 3154 reliquis
266 3093 536 3152 coniunxit,
575 3094 662 3141 sed
698 3095 746 3141 in
782 3095 859 3142 his
897 3094 1019 3142 duos
1048 3111 1219 3144 versus
1246 3096 1571 3160 interpolatos
1599 3111 1709 3146 esse
