2055 3589
999 101 1065 150 70

532 366 879 434 ERNES'I‘I
928 364 1285 432 MARTINI
1328 365 1531 433 VITA
1564 458 1573 462 Π

947 523 1114 530 -η-

191 616 378 693 Natus
415 659 522 691 sum
549 643 695 691 Ienae
721 659 763 691 a.
795 643 842 691 d.
870 642 959 690 III.
991 641 1113 689 Non.
1144 641 1255 690 Mai.
1286 641 1400 689 anni
1429 639 1755 689 MDCCCXLI
1784 656 1870 703 pa-

196 735 267 776 tre
315 728 605 775 Eduardo
650 728 929 789 professore
971 732 1074 773 tum
1119 725 1400 773 academiae
1446 725 1695 781 lenensis,
1746 739 1873 772 nunc

196 812 554 870 Berolinensis,
601 817 756 859 matre
801 810 992 858 Maria
1037 825 1062 858 e
1103 815 1248 872 gente
1289 809 1706 866 Sehmffliana,
1751 823 1872 870 quos

190 896 361 944 ambos
388 896 546 943 adhuc
573 897 735 943 vivere
773 909 998 942 maxumo
1036 908 1185 956 opere
1221 894 1428 955 gaudeo.
1481 892 1620 941 Fidei
1647 892 1873 940 addictus

193 995 300 1028 sum
325 979 652 1040 evangelicae.
692 978 869 1026 Primis
891 978 1161 1026 litterarum
1189 977 1443 1026 elementis
1469 977 1519 1024 in
1548 976 1719 1026 schola
1743 976 1873 1025 Stoi

186 1065 399 1112 imbutus
446 1078 565 1124 puer
609 1060 710 1110 fere
748 1067 857 1110 octo
892 1077 1130 1110 annorum
1167 1061 1405 1110 deductus
1442 1076 1550 1109 sum
1588 1061 1638 1108 in
1676 1061 1873 1109 domum

186 1147 412 1194 avunculi
463 1160 628 1194 amore
679 1150 825 1209 atque
873 1146 1189 1195 veneratione
1240 1160 1350 1193 mea
1393 1160 1547 1207 aeque
1593 1145 1874 1207 dignissimi

187 1231 424 1280 Ottonis
463 1230 494 1278 S
514 1230 767 1277 chmidii
802 1230 883 1278 Dr.
914 1231 1032 1293 phil.
1074 1235 1175 1278 tum
1204 1229 1426 1279 Soeterni
1452 1230 1500 1278 in
1531 1230 1638 1298 vieo
1666 1229 1873 1278 Birken·

185 1315 415 1372 feldensi,
451 1328 577 1361 nunc
604 1313 882 1362 Obersteini
908 1315 969 1362 ad
998 1314 1187 1362 Naham
1215 1320 1263 1362 et
1289 1314 1645 1377 praedicatoris
1672 1329 1872 1362 munere

185 1393 432 1459 fungentis
469 1403 517 1445 et
551 1399 717 1460 pueris
754 1398 1020 1446 educandis
1056 1399 1466 1461 instituendisque
1504 1399 1669 1447 dediti.
1729 1399 1872 1446 Anno

183 1483 229 1530 h.
269 1498 306 1530 s.
344 1482 424 1529 LV
462 1483 508 1528 in
547 1483 856 1544 gymnasium
884 1482 1203 1541 Isenaeense,
1245 1483 1371 1545 quod
1400 1482 1873 1530 Funkhaenelio

185 1571 372 1614 rectore
407 1567 573 1624 floret,
616 1570 842 1628 receptus
887 1581 1010 1615 sum.
1051 1567 1240 1616 Deinde
1277 1582 1392 1615 vere
1418 1583 1462 1614 a.
1499 1566 1874 1616 MDCCCLVIII

186 1651 480 1698 maturitatis
537 1652 817 1699 testimonio
877 1653 1142 1700 instructus
1194 1652 1564 1700 universitatem
1614 1651 1871 1700 lenensem

187 1734 310 1791 adii,
371 1740 424 1781 ut
484 1735 782 1797 philologiae
842 1751 1040 1798 operam
1100 1751 1355 1795 navarem3
1417 1736 1545 1784 unde
1595 1740 1722 1798 post
1780 1735 1875 1782 tria

190 1819 446 1866 semestria
495 1819 543 1866 in
594 1820 896 1868 academiam
936 1820 1305 1869 Berolinensem
1355 1835 1431 1868 me
1478 1820 1687 1882 contuli⁷
1736 1819 1873 1867 cuius

187 1907 381 1964 praeter
430 1903 638 1950 hiemem
701 1905 1029 1966 superiorem,
1091 1920 1235 1966 quam
1297 1905 1498 1952 Bonnae
1550 1904 1654 1965 egi,
1715 1917 1871 1966 usque

190 1986 251 2033 ad
287 1987 380 2051 hoo
417 1992 612 2050 tempus
641 1989 762 2036 civis
802 1989 885 2036 fui.
960 1988 1106 2036 lenae
1145 1989 1379 2037 docentes
1412 1989 1577 2036 audivi
1600 1988 1872 2050 Droyse-

188 2086 317 2117 num
416 2070 779 2119 Fischerum
871 2072 1333 2134 Goettlingium
1421 2073 1867 2136 Nipperdeium

186 2153 641 2202 Schleicherum
687 2155 1122 2204 Sehleidenum
1169 2157 1228 2204 M.
1267 2156 1685 2214 Schmidtium‚
1721 2157 1869 2204 Bero-

187 2239 331 2285 rolini
398 2238 768 2286 Boeekhium
836 2240 1092 2288 Dovium
1170 2241 1549 2303 Droysenum
1620 2241 1869 2289 Friede-

192 2322 483 2369 richsium
558 2323 887 2386 Hauptium
959 2324 1280 2373 Iordanum
1339 2325 1874 2373 Muellenhoffium

188 2407 825 2469 Trendelenburgium
880 2408 1243 2470 Waagenum
1292 2409 1625 2467 Weberum,
1672 2409 1872 2457 Bonnae

190 2490 672 2539 Heimsoethium
743 2493 1024 2540 Iahnium
1094 2493 1517 2541 Ritschelium.
1614 2493 1674 2540 Et
1725 2493 1871 2541 Ienae

192 2581 239 2621 et
266 2574 477 2622 Berolini
505 2576 622 2623 mihi
650 2577 880 2638 contigit,
918 2582 971 2624 ut
998 2578 1047 2623 in
1074 2578 1388 2625 seminarium
1417 2577 1770 2640 philologieum
1798 2592 1872 2625 re-

189 2658 402 2721 ciperen
441 2665 698 2721 praeterea
736 2660 881 2708 lenae
919 2661 1217 2723 Droyseni
1254 2663 1683 2710 exercitationibus
1717 2663 1872 2710 histo-

188 2743 327 2799 ricis,
374 2741 588 2791 Berolini
635 2744 1089 2793 Muellenhoffii
1124 2747 1442 2807 germanicis,
1490 2745 1871 2795 Trendelen-

190 2827 392 2887 burgii
420 2827 731 2889 philosophis
754 2829 964 2877 interfui.
1007 2829 1099 2889 Qui
1122 2831 1208 2878 viri
1233 2830 1495 2878 clarissimi
1522 2845 1693 2879 omnes
1721 2845 1871 2892 quan-

189 2916 289 2957 tum
327 2917 373 2957 et
410 2911 630 2959 doctrina
664 2918 712 2959 et
745 2914 1049 2962 humanitate
1077 2914 1136 2962 de
1164 2930 1239 2962 me
1266 2915 1426 2963 meriti
1453 2916 1573 2975 sint,
1610 2929 1871 2975 numquam

195 2993 413 3042 (lesinam
437 3010 542 3043 cum
573 2998 773 3045 memori
800 2999 962 3046 animo
991 2999 1198 3056 sentire,
1227 3005 1325 3047 tum
1355 3000 1519 3062 palam
1548 2998 1777 3063 profiteri.

781 3168 798 3170 a
880 3160 1269 3177 —--.-.-—0-—„
