2055 3589
1059 69 1125 119 42

261 255 533 306 iactantiam
559 253 608 297 in
634 248 856 296 manibus
881 244 1077 299 habeat,
1104 239 1337 287 iactantia
1360 235 1547 284 Eteocli
1571 236 1747 282 iterum
1773 249 1929 297 oppo-
2026 247 2055 294 ap

260 345 414 388 natur.
466 337 531 383 At
557 331 739 381 Eteocli
774 330 915 390 signo
943 326 1157 389 glorioso
1183 338 1262 370 vv.
1287 322 1404 368 459.
1435 320 1536 367 460
1573 315 1829 366 refutando
1865 318 1930 366 si-
2026 332 2055 368 no

259 423 355 473 mul
380 419 514 478 illud,
541 416 668 479 quod
696 415 740 462 ei
767 415 922 461 inerat
945 410 1112 458 Martis
1143 405 1463 471 opprobrium
1488 403 1687 452 reicitur
1697 423 1711 462 3
1739 399 1932 470 κόμπον
2017 394 2055 452 'du

258 512 416 555 autem
451 519 494 550 ν.
522 503 648 558 454,
687 499 729 546 si
768 496 932 546 statim
965 495 1015 541 in
1050 492 1191 541 initio
1226 488 1463 540 orationis
1496 488 1663 550 regiae
1697 488 1932 550 sequitur,
2026 502 2055 540 n:

258 588 566 654 apertissime
591 584 654 631 ad
682 582 852 630 ultima
876 579 1030 627 nuntii
1056 576 1206 626 verba
1233 578 1450 638 spectat,
1489 573 1666 636 quibus
1695 573 1937 626 <iactantia
2026 576 2055 623 im

261 672 438 723 Eteocli
468 667 771 718 describitur.
811 664 952 725 Quod
978 666 1141 710 autem
1165 674 1249 708 rex
1277 664 1471 722 praeter
1497 672 1684 706 morem
1709 657 1848 720 prius
1873 657 1934 706 de
2027 673 2055 707 en

257 756 554 813 adversario,
581 751 754 800 deinde
781 750 841 798 de
863 749 1002 809 signo
1024 746 1180 794 hostis
1203 744 1418 804 disserit,
1446 744 1568 792 satis
1589 742 1770 806 probat
1787 741 1933 790 etiam
2028 758 2055 809 ⁵5

259 844 305 890 in
355 856 511 890 rerum
562 837 786 886 omnibus
837 831 1140 881 orationibus
1185 829 1512 879 communium
1558 829 1728 877 ordine
1771 827 1936 876 valere
2035 831 2055 878 l<

258 925 501 989 quoddam
527 920 775 970 varietatis
809 916 1045 975 studium,
1085 930 1143 964 ex
1169 930 1264 978 quo
1291 915 1463 964 eodem
1491 914 1567 963 vel
1595 912 1935 962 constantissi·
2035 925 2055 963 te

258 1026 384 1059 mam
411 1008 539 1069 regis
567 1003 967 1054 consuetudinem
996 1001 1247 1062 signorum
1275 1014 1397 1062 quas
1432 1000 1495 1047 ab
1522 998 1722 1060 Argivis
1751 998 1939 1061 portari
2030 1002 2055 1047 ‘s

258 1095 452 1143 nuntius
497 1095 661 1139 narrat
707 1086 1061 1136 irridendorum
1110 1085 1385 1147 neglectam
1423 1083 1649 1132 videmus
1694 1084 1745 1130 in
1782 1082 1937 1131 altero
2032 1087 2055 1135 si

260 1179 379 1243 pari.
2039 1180 2055 1219 v

359 1263 461 1310 Iam
501 1266 691 1325 quarta
727 1259 882 1307 nuntii
922 1256 1078 1305 oratio
1119 1254 1238 1302 nihil
1281 1253 1431 1301 habet
1473 1268 1568 1315 quo
1614 1252 1934 1302 offendamur.
2042 1274 2055 1305 η

260 1348 380 1397 Nam
407 1362 502 1395 non
530 1346 649 1393 satis
678 1345 862 1402 valent,
901 1357 1024 1406 quae
1051 1341 1275 1389 Prienius
1303 1345 1351 1387 et
1375 1339 1657 1387 Dindorfius
1684 1339 1735 1386 in
1762 1354 1805 1386 v.
1835 1335 1931 1386 481
2035 1357 2055 1391 α

259 1431 699 1495 reprehenderunt:
728 1429 896 1476 inutile
925 1443 1035 1476 esse
1057 1426 1457 1480 additamentum,
1487 1440 1594 1472 cum
1615 1424 1781 1471 iamin
1801 1427 1938 1470 ante·
2033 1428 2055 1476 m

262 1517 545 1566 cedentibus
582 1529 757 1563 causae
793 1520 1046 1561 enarratae
1084 1513 1202 1569 sint,
1241 1511 1302 1558 ob
1343 1525 1464 1572 quas
1491 1508 1839 1572 Hippomedon
1874 1509 1942 1556 sit

261 1601 572 1658 metuendus;
621 1604 852 1648 consueto
892 1598 1022 1646 enim
1060 1612 1194 1645 more
1233 1595 1510 1657 Aeschylus
1550 1595 1697 1642 etiam
1736 1595 1939 1642 vocibus

261 1687 500 1736 similibus
534 1685 595 1732 ad
635 1684 980 1747 praecedentia
1013 1683 1296 1740 revertitur3
1340 1695 1429 1729 nec
1467 1680 1668 1728 maioris
1707 1679 1938 1727 momenti

261 1780 350 1831 est,
392 1770 520 1833 quod
561 1770 807 1818 ‘timorem
846 1766 1039 1817 iactari'
1078 1768 1199 1815 mire
1237 1767 1418 1814 dictum
1455 1766 1518 1814 sit
1561 1781 1651 1829 pro
1691 1765 1941 1813 ‘timorem

261 1857 489 1905 iactantia
515 1855 687 1912 effici'3
730 1854 913 1917 quippe
940 1868 1065 1916 quae
1091 1853 1297 1900 audacia
1322 1867 1352 1898 a
1377 1856 1524 1913 poeta
1548 1855 1717 1899 nostro
1743 1849 1943 1898 minime

261 1943 418 1990 aliena
445 1941 522 1989 sit.
562 1939 780 1997 Accedit,
808 1939 934 2002 quod
965 1939 1250 1987 concinnius
1273 1941 1321 1986 et
1341 1936 1585 1984 oratoriae
1605 1935 1942 1998 aequabilitati

263 2026 628 2075 convenientius
663 2028 760 2084 est,
798 2025 1047 2087 epilogum
1083 2038 1140 2071 ex
1175 2022 1399 2086 pluribus
1435 2021 1662 2070 versibus
1702 2026 1944 2079 constare,

264 2127 404 2173 quam
432 2126 526 2158 uuo
553 2109 757 2158 moleste
784 2110 1035 2172 abrumpi,
1073 2113 1126 2155 ut
1151 2108 1298 2156 etiam
1325 2107 1380 2167 L,
1408 2106 1491 2169 IL,
1518 2106 1626 2163 ΙΙΙ.,
1656 2106 1738 2154 VI.
1766 2105 1944 2154 oratio-

264 2197 405 2244 nibus
442 2195 766 2258 speculatoris
802 2194 1069 2242 clausulam
1107 2209 1163 2242 ex
1197 2193 1388 2241 duobus
1414 2192 1673 2240 versiculis
1701 2191 1946 2254 composi-

264 2288 361 2329 tam
387 2280 544 2328 subici
571 2279 840 2327 videamus.

368 2365 546 2413 Eorum
582 2379 714 2423 vem,
755 2378 879 2426 quae
919 2363 1086 2412 statim
1125 2378 1208 2411 rex
1244 2363 1513 2426 respondet
1548 2367 1764 2411 extrema
1798 2362 1951 2410 verba

268 2450 455 2511 magnis
495 2449 881 2498 dubitationibus
920 2449 1080 2496 locum
1121 2448 1360 2496 dederunt
1396 2447 1603 2510 ideoque
1638 2448 1735 2495 iam
1769 2463 1799 2494 a
1831 2447 1947 2495 Din-

270 2534 420 2582 dorfio
467 2550 573 2592 sex,
615 2535 675 2582 ab
716 2533 998 2582 Hermanno
1038 2533 1251 2596 quinque
1290 2533 1516 2582 versibus
1562 2533 1776 2597 spoliata
1819 2536 1947 2580 sunt.

271 2619 391 2667 Nam
421 2625 679 2682 postquam
706 2619 887 2667 dictum
916 2625 993 2668 est
1019 2621 1030 2640 ‘
1047 2619 1311 2666 Mercurius
1340 2619 1461 2667 scite
1482 2618 1797 2667 adversarios
1820 2632 1950 2665 com-

271 2705 457 2766 posuit:
498 2704 704 2752 infestus
744 2705 871 2752 enim
906 2705 982 2751 vir
1018 2705 1121 2752 viro
1161 2710 1383 2752 occurret
1421 2708 1469 2751 et
1503 2703 1623 2752 deos
1658 2703 1868 2751 infestos
1902 2703 1953 2749 in

273 2789 423 2835 scutis
452 2789 713 2847 conferent,
742 2804 848 2837 cum
875 2790 944 2837 illi
973 2790 1147 2853 Typho
1174 2789 1288 2837 huic
1314 2789 1501 2852 Iupiter
1528 2803 1617 2852 pro
1644 2789 1827 2850 insigni
1854 2783 1950 2847 sit,’

272 2873 386 2935 quid
410 2878 735 2936 expectamus,
764 2890 907 2936 quam
929 2880 983 2922 ut
1002 2875 1294 2932 enuntietur,
1323 2874 1437 2937 quid
1463 2890 1519 2922 ex
1540 2874 1698 2936 signis
1718 2873 1817 2921 illis
1838 2887 1951 2936 por-

273 2957 512 3005 tendatur.
564 2957 703 3018 Quod
738 2960 1004 3009 fortissime
1040 2967 1089 3008 et
1122 2960 1423 3023 dignissime¹
1445 2975 1489 3007 v.
1519 2962 1617 3008 497
1650 2957 1955 3020 significatur

273 3039 386 3109 πρὸς
404 3046 506 3089 τῶν
526 3040 834 3109 κρατούντων
862 3033 903 3091 δ’
919 3041 1082 3113 ἐσμέν,
1109 3046 1157 3091 οἲ
1181 3033 1221 3091 δ’
1237 3041 1560 3113 ἡσσωμένωη
1587 3043 1816 3106 languide
1837 3057 1953 3091 vero

276 3134 323 3175 et
348 3135 397 3174 ut
426 3143 616 3190 pannus
641 3136 837 3178 assutus
866 3131 1018 3179 cuivis
1046 3131 1253 3179 candido
1281 3131 1580 3194 Aeschyleae
1608 3129 1777 3194 poesis
1804 3129 1952 3178 iudici
