2055 3589
880 224 937 277 51

69 399 167 448 Sed
194 399 340 448 etiam
367 400 572 460 scholia,
609 413 665 447 ex
701 399 876 460 quibus
910 399 1028 447 illud
1057 387 1410 465 ὲξαμπετάζων
1438 397 1618 461 prodiit
1642 397 1747 445 fun·

69 484 349 547 damentum
384 499 479 532 non
514 485 584 531 ita
625 483 814 530 firmum
842 483 1102 546 praebent,
1145 497 1249 530 cum
1279 477 1449 531 eodem
1485 482 1613 540 iure,
1654 495 1748 543 quo

71 567 437 617 Heimsoethius
474 568 694 616 scholion
730 568 790 616 ad
826 583 870 615 v.
901 569 999 616 559
1036 566 1337 630 adscriptum
1366 567 1426 622 ad
1455 565 1747 629 praeceden-

69 656 192 712 tem,
230 668 319 702 nos
357 652 727 716 explicationem
757 667 930 701 versus
959 654 1056 700 558
1084 651 1144 699 ad
1174 655 1455 713 sequentem
1483 651 1748 698 trahamus.

70 737 262 786 Primus
290 738 467 786 deinde
496 751 666 785 versus
695 741 742 784 et
768 737 904 800 ipse,
931 741 979 784 et
1005 735 1294 798 gravissime
1321 735 1515 797 quidem
1542 735 1748 784 laborat.

70 821 313 886 Scriptum
337 829 413 870 est
432 822 478 868 in
501 821 639 869 libris
661 817 777 887 πρὸς
798 817 950 889 μόραν
973 808 1227 887 ἀδελφεόν.
1266 819 1630 868 Heimsoethius
1655 820 1748 867 for-

70 922 197 953 mam
231 906 433 969 lyricam
461 893 704 973 ἀδελφεὸν
743 906 803 953 ab
840 905 1108 954 editoribus
1136 905 1414 972 damnatam
1454 905 1566 952 ferri
1600 919 1750 967 posse

71 991 278 1053 putavit,
301 991 342 1038 si
363 991 663 1052 singularem
679 990 923 1038 notionem
942 991 1015 1037 ‘ex
1030 990 1199 1038 eadem
1214 993 1367 1037 matre
1383 989 1554 1038 ortum’
1575 989 1750 1037 retine—

68 1080 159 1136 ret,
174 1077 250 1124 cui
265 1077 338 1124 ‘ex
352 1076 520 1124 eodem
538 1080 676 1138 patre
690 1074 1141 1136 genitum’adiunxit
1151 1074 1558 1138 praecedentibus
1575 1074 1621 1121 in
1635 1069 1752 1140 ὁμό-

72 1175 254 1228 σπορον
279 1161 493 1208 mutatis.
534 1162 601 1208 At
626 1175 684 1208 ne
715 1160 890 1218 dicam,
917 1160 1207 1207 sententiam
1235 1159 1367 1206 illam
1390 1158 1448 1206 de
1467 1173 1585 1206 voce
1608 1146 1753 1204 ἀδελ-

71 1241 187 1311 φεὸν
213 1245 426 1293 nondum
450 1245 709 1307 probatam
740 1258 866 1303 esse,
896 1257 979 1290 cur
1005 1244 1203 1290 nuntius
1230 1248 1366 1290 tanta
1392 1243 1632 1304 gravitate
1660 1242 1750 1289 ori-

71 1329 233 1390 ginem
253 1329 502 1391 Polynicis
524 1343 633 1376 cum
653 1327 853 1376 Eteocle
881 1342 1184 1375 communem
1213 1328 1434 1390 premat?
1473 1326 1593 1374 Nam
1623 1326 1750 1388 quod

70 1413 347 1475 Antigonae
375 1429 419 1461 v.
445 1415 574 1460 101ss
603 1411 751 1460 officii
780 1412 853 1460 sui
882 1412 1079 1460 fraterni
1115 1413 1454 1460 necessitatem
1492 1411 1752 1475 explicanti

70 1498 268 1560 egregie
306 1498 557 1557 convenit,
594 1498 645 1544 id
683 1498 744 1546 ab
777 1497 873 1545 hoc
898 1496 1094 1559 quidem
1121 1498 1227 1545 loco
1255 1498 1400 1560 plane
1427 1497 1633 1544 alienum
1663 1501 1751 1544 est.

73 1583 385 1631 Hermannus
413 1588 574 1631 autem
602 1582 726 1630 duas
753 1583 989 1630 lectiones
1011 1582 1286 1646 proposuit,
1313 1597 1515 1644 quarum
1542 1583 1751 1645 priorem

70 1669 134 1724 εἰς
161 1665 437 1736 ὁμόσπορον
466 1663 606 1713 κάσιν
626 1667 923 1716 Ritschelius
950 1668 1223 1726 revocavit,
1253 1682 1358 1715 cum
1386 1667 1494 1730 ipse
1516 1666 1751 1714 Herman-

69 1767 161 1801 nus
187 1753 235 1800 in
258 1753 470 1801 editione
499 1750 543 1808 ἐς
563 1748 746 1818 πατρὸς
773 1757 944 1820 μοῖραν
964 1749 1111 1798 κάσιν.
1132 1752 1429 1814 scripsisset.
1473 1753 1536 1798 At
1562 1751 1750 1813 utrique

70 1837 436 1886 Heimsoetbius
476 1853 572 1885 non
611 1836 851 1885 immerito
892 1837 1182 1885 adversatus
1223 1843 1312 1885 est.
1384 1836 1439 1883 In
1480 1836 1751 1898 posteriore

70 1922 197 1970 enim
218 1922 531 1986 participium
550 1922 760 1969 alienum
780 1921 954 1970 vitiose
976 1926 1177 1985 separat
1196 1936 1372 1968 nomen
1388 1920 1577 1968 obiecto
1595 1934 1750 1982 oppo-

70 2009 217 2068 situm
238 2007 300 2055 ab
324 2007 530 2055 obiecto.
572 2007 613 2054 A
635 2020 730 2068 qua
751 2006 928 2055 menda
949 2021 1066 2054 sane
1090 2006 1224 2069 prior
1248 2006 1392 2054 lectio
1413 2005 1567 2053 libera
1588 2009 1676 2062 est,
1704 2005 1750 2050 in

71 2107 169 2155 qua
194 2107 370 2140 nomen
398 2090 681 2155 appositum
710 2096 825 2154 post
851 2091 1051 2139 verbum
1079 2089 1413 2154 praedicatum
1445 2090 1664 2145 reicitur,
1701 2093 1753 2136 ut

67 2177 247 2225 factum
285 2181 362 2226 est
395 2176 540 2224 etiam
574 2178 673 2224 429
713 2172 830 2243 ἀνὴρ
861 2215 899 2224 ..
927 2170 1193 2238 τέτακται,
1230 2170 1555 2242 Πολυφόντου
1592 2170 1671 2236 βία
1706 2176 1753 2220 et

69 2264 166 2310 467
196 2258 431 2328 τέταρτος
459 2256 609 2317 ἄλλος
638 2300 677 2309 ..
705 2256 1019 2328 παριστάται,
1043 2247 1420 2326 Ἱππομέδοντος
1446 2262 1637 2326 σχῆμας
1665 2257 1750 2305 sed

68 2347 212 2395 aliam
243 2347 305 2395 ob
337 2361 531 2394 causam
562 2347 674 2395 ferri
701 2362 798 2395 non
824 2350 1004 2410 potest.
1061 2345 1207 2393 Recte
1235 2344 1359 2392 enim
1388 2342 1752 2391 Heimsoethius

67 2431 278 2492 monuit,
316 2432 667 2495 Amphiaraum
697 2448 726 2479 a
751 2426 983 2494 Polynice
1024 2445 1177 2492 aeque
1211 2434 1355 2491 atque
1391 2442 1419 2474 a
1454 2427 1636 2490 Tydeo,
1672 2428 1751 2489 qui

69 2532 114 2564 v.
132 2519 230 2566 358
254 2519 349 2565 iam
374 2517 435 2564 ad
457 2517 713 2565 Proetides
734 2522 905 2580 portas
928 2516 1085 2564 furere
1107 2515 1362 2571 diceretur,
1384 2517 1622 2561 remotum
1643 2527 1753 2561 esse

67 2602 276 2664 ideoque
313 2602 432 2650 illud
462 2602 526 2658 εἰς
561 2602 720 2649 locum
748 2616 845 2649 non
870 2601 1068 2648 habere.
1119 2599 1289 2661 Itaque
1315 2594 1453 2666 πρός,
1488 2597 1615 2661 quod
1643 2597 1754 2645 libri

68 2687 309 2749 praebent
335 2687 630 2734 servandum
659 2686 855 2734 videtur
883 2699 1009 2742 esse,
1037 2689 1089 2731 ut
1116 2684 1444 2746 Amphiaraus
1471 2682 1750 2745 Polyniccm

71 2785 243 2819 versus
272 2776 497 2834 spectare
525 2772 730 2819 dicatur.
771 2770 895 2831 Quid
925 2785 1039 2818 vero
1065 2770 1112 2816 in
1142 2764 1295 2836 μόραν
1318 2755 1560 2835 ἀδελφεὸν
1584 2768 1750 2826 lateat,

69 2855 293 2918 equidem
315 2856 482 2904 nescio
496 2876 508 2915 ;
537 2871 647 2903 nam
670 2856 840 2903 Keckii
862 2850 978 2922 πρὸς
1000 2849 1278 2921 μοραγέτην
1300 2849 1439 2899 κάσιν
1461 2852 1748 2900 vocabulum

66 2957 164 2990 non
191 2941 349 2990 solum
376 2956 579 3000 novum,
608 2941 695 2988 sed
723 2940 868 2988 etiam
896 2939 1133 3000 singulari
1166 2943 1214 2985 et
1238 2938 1381 2986 nimis
1404 2939 1611 2986 obscuro
1639 2951 1748 2984 acu-

67 3026 196 3075 mine
222 3041 312 3090 pro
343 3025 834 3089 ‘Peloponnesiorum
864 3024 1008 3072 duce‘
1037 3023 1217 3071 dictum
1249 3023 1474 3086 praebet3
1504 3022 1639 3069 cuius
1667 3035 1748 3083 ge-

67 3111 200 3159 neris
223 3111 422 3160 inventa
448 3111 770 3173 scriptoribus
797 3109 973 3158 inferre
1004 3107 1119 3154 mihi
1147 3107 1341 3169 quidem
1373 3107 1518 3154 nimia
1541 3106 1747 3154 audacia

69 3199 158 3244 est.
183 3196 295 3244 Sed
325 3199 429 3244 utut
455 3196 515 3244 de
541 3211 586 3242 v.
612 3197 707 3243 557
741 3193 1052 3244 statuendum
1080 3196 1170 3250 est,
1199 3192 1402 3240 duorum
1427 3206 1650 3240 versuum
1678 3191 1747 3238 in-

69 3281 372 3342 sequentium
399 3279 641 3329 restitutio
671 3279 792 3328 satis
818 3278 998 3337 docuit,
1017 3291 1111 3324 non
1139 3291 1264 3340 opus
1287 3291 1412 3330 esse,
1440 3282 1491 3323 ut
1515 3291 1621 3323 cum
1651 3275 1747 3322 Rit-

1357 3357 1409 3395 4·
