2055 3589
1059 224 1124 276 62

250 401 536 466 progrediar
580 393 749 463 θάρσει
794 384 965 461 Suppl.
1010 398 1123 445 702.
1172 398 1288 455 710,
1334 391 1599 452 ὑπνώσσεις
1636 395 1774 445 Eum.
1818 397 1929 444 124.

255 488 369 545 127,
407 480 554 553 λόγος
580 482 715 546 Sept.
747 484 863 532 202.
894 484 1009 541 208,
1045 481 1136 528 οὐκ
1163 481 1231 528 ἐτ’
1261 475 1319 528 ἂν
1346 475 1556 549 μείναιμ’
1584 477 1682 549 ἐγώ
1709 480 1929 544 Choeph.

255 572 400 619 1047.
444 570 589 616 1059.
661 566 796 629 Quae
832 568 957 616 satis
996 567 1235 630 probant,
1281 565 1401 614 nihil
1439 565 1536 614 nisi
1578 565 1932 628 negligentiam

249 653 494 716 quandam
522 653 849 715 quaerendam
887 667 997 701 esse
1032 655 1081 699 in
1117 651 1284 700 verbis
1317 651 1772 714 locutionibusque,
1807 666 1932 715 quae

250 740 297 786 in
319 738 540 787 diver-bio
560 739 726 787 iterari
749 738 1000 786 videamus
1020 736 1292 800 iniuriaque
1308 736 1535 785 Weilium
1555 736 1931 799 responsionum

248 824 390 886 signa
422 823 536 872 inde
571 823 787 886 petiisse.
865 821 961 870 Sed
996 821 1078 870 ille
1114 837 1176 870 ne
1216 823 1338 871 satis
1377 822 1576 885 quidem
1611 822 1769 881 cavit,
1816 821 1932 884 quin

246 909 459 956 minimis
493 909 600 957 eius
636 907 829 970 generis
867 907 1060 955 indiciis
1089 907 1380 969 confideret,
1414 908 1551 957 locos
1576 911 1740 956 autem
1764 910 1932 970 aperte

246 994 370 1042 inter
409 1009 462 1042 se
490 992 812 1042 conferendos
839 993 1156 1055 praeteriret,
1195 992 1330 1041 velut
1354 993 1402 1041 in
1431 993 1640 1057 prologo
1668 993 1930 1055 Agamem-

247 1080 413 1137 noniS‚
451 1079 532 1127 ubi
574 1093 741 1126 vocem
774 1074 970 1147 γένοιτο
1007 1094 1052 1127 v.
1082 1080 1147 1126 20
1189 1083 1237 1127 et
1263 1094 1307 1126 v.
1339 1081 1420 1138 34,
1458 1078 1545 1126 sed
1585 1078 1694 1126 loco
1735 1077 1931 1126 diverso

250 1164 538 1213 collocatam
565 1164 936 1227 responsionem
964 1163 1180 1211 indicare
1208 1163 1388 1224 voluit,
1416 1163 1633 1224 neglexit
1658 1158 1932 1230 ἀπαλλαγὴ

245 1247 305 1311 (ν)
333 1244 493 1296 πόνων
522 1265 565 1298 v.
597 1251 661 1297 20
688 1254 738 1298 et
773 1265 817 1297 v.
851 1253 892 1298 1.
928 1249 1168 1313 positam3
1207 1249 1421 1311 itemque
1457 1263 1623 1297 veram
1659 1247 1932 1311 aequabili-

245 1338 392 1382 tatem
430 1335 816 1396 praetermittere
845 1339 1044 1383 coactus
1082 1340 1158 1382 est
1184 1335 1246 1382 ob
1273 1349 1583 1382 numerorum
1613 1332 1930 1397 compositio-

244 1433 352 1467 nem
379 1420 715 1468 antitheticam
750 1421 838 1469 toti
866 1421 1087 1469 diverbio
1116 1420 1457 1468 vindicandam
1495 1419 1544 1467 in
1574 1419 1798 1468 versibus
1832 1419 1930 1466 illis

244 1506 454 1566 quinque
481 1505 617 1552 chori
653 1505 712 1554 de
749 1506 939 1554 somnio
967 1505 1388 1568 Clytaemnestrae
1417 1503 1634 1567 Choeph.
1665 1506 1783 1552 521.
1812 1505 1928 1551 523.

246 1591 363 1638 525.
386 1592 502 1637 527.
527 1592 625 1638 529
657 1591 717 1639 ab
740 1590 913 1640 Oreste
937 1607 1013 1639 vv.
1044 1593 1315 1639 537-541
1348 1590 1588 1652 repetitiS,
1617 1603 1741 1651 quos
1771 1589 1931 1652 priore

244 1674 351 1722 loco
378 1675 581 1738 periodo
609 1676 948 1735 antitheticae,
975 1676 1131 1725 altero
1158 1676 1438 1724 mesodicae
1465 1674 1748 1738 adscripsit.

350 1759 446 1808 Sed
475 1760 653 1809 clarius
689 1759 920 1827 exempla
948 1762 1222 1819 docebunt,
1256 1761 1371 1824 quid
1401 1760 1460 1808 de
1486 1759 1685 1823 placitis
1723 1759 1833 1808 istis
1859 1760 1930 1808 iu-

243 1844 500 1893 dicandum
530 1846 606 1895 sit.
662 1845 782 1894 L'tar
813 1847 962 1908 igitur
986 1848 1145 1896 tribus
1173 1847 1319 1907 locis,
1355 1846 1536 1909 quibus
1561 1845 1762 1894 Weilius
1790 1845 1930 1908 quasi

242 1929 536 1979 firmissimis
573 1932 866 1981 testimoniis
903 1948 1022 1982 usus
1057 1936 1161 1991 est3
1202 1932 1288 1981 sed
1317 1947 1426 1980 cum
1462 1948 1519 1979 ex
1545 1931 1704 1995 primo
1741 1935 1930 1993 partem

242 2020 429 2063 tantum
458 2018 743 2079 promserit,
771 2019 890 2066 mihi
914 2019 1080 2082 potius
1107 2022 1240 2066 totus
1267 2018 1405 2066 locus
1433 2017 1760 2080 dispositione
1790 2031 1929 2079 prae-

242 2100 373 2147 clara
398 2101 686 2164 apt1ssimus
714 2103 932 2165 videtur,
959 2119 1017 2152 ex
1043 2119 1155 2166 quo,
1183 2120 1245 2151 an
1273 2108 1443 2168 partes
1470 2102 1750 2163 argumenti
1776 2101 1927 2164 expli·

240 2186 433 2234 catione
460 2187 689 2236 definitae
719 2189 932 2237 numeris
960 2189 1295 2252 respondeant
1322 2192 1664 2251 cognoscatur.

343 2271 514 2334 Itaque
565 2273 610 2320 in
659 2273 994 2322 enarratione
1028 2290 1239 2340 puynac
1274 2269 1604 2322 Salaminiae
1638 2268 1784 2320 Pers.
1819 2266 1929 2320 285

244 2352 431 2404 -526
467 2358 639 2406 relatio
677 2359 833 2407 nuntii
868 2360 1082 2408 Atossae
1118 2359 1492 2422 quaestionibus
1537 2364 1585 2406 et
1622 2357 1927 2405 lamentatio-

243 2443 383 2490 nibus
419 2443 604 2504 cincta,
650 2445 692 2493 si
720 2459 975 2504 secernas,
1014 2445 1095 2508 qui
1129 2445 1387 2493 universae
1430 2443 1809 2507 praemittuntur
1848 2458 1926 2490 vv.

245 2527 399 2574 285-
418 2530 516 2576 290
546 2525 644 2593 (6),
672 2534 719 2577 et
741 2531 871 2593 quod
893 2536 1178 2593 sequentem
1205 2529 1421 2578 fabulam
1450 2533 1643 2591 spectat
1669 2528 1927 2576 consilium

243 2626 489 2660 sacrorum
532 2614 868 2664 faciundorum
897 2617 1173 2664 516-526
1211 2610 1342 2678 (11),
1384 2614 1507 2662 duas
1542 2614 1692 2662 habet
1732 2618 1926 2677 partes:

243 2712 444 2759 quarum
472 2700 633 2762 priore
663 2717 739 2749 vv.
771 2703 1048 2750 291--344
1076 2700 1190 2762 (54)
1217 2701 1254 2748 Ι.
1284 2700 1343 2749 de
1369 2699 1531 2748 Xerxe
1558 2699 1749 2762 sospite
1784 2703 1833 2747 et
1868 2697 1929 2746 de

241 2783 443 2831 mortuis
481 2785 685 2833 ducibus
722 2802 800 2834 vv.
832 2787 1104 2835 291-327
1138 2786 1267 2849 (37),
1304 2785 1369 2834 ΙΙ.
1399 2785 1459 2833 de
1499 2799 1702 2833 numero
1731 2784 1927 2832 navium

243 2870 513 2917 328—341
550 2868 669 2932 (14),
707 2872 795 2920 III.
826 2871 886 2920 de
913 2873 1119 2920 Athenis
1148 2871 1359 2920 servatis
1388 2872 1663 2919 342—344
1693 2865 1764 2933 (3)
1796 2884 1925 2918 sum-

242 2953 410 3001 matim
446 2955 726 3017 exponitur3
761 2956 917 3005 altera
954 2959 1228 3006 345—515
1267 2956 1417 3017 (171)
1446 2962 1699 3005 enarratur
1724 2953 1808 3002 IV.
1837 2970 1924 3018 pu-

243 3053 339 3098 gna
370 3037 635 3088 Salaminia
670 3043 944 3091 345-429
983 3038 1110 3106 (85),
1151 3042 1206 3090 V.
1247 3049 1440 3104 strages
1475 3040 1758 3103 Psyttaleae
1794 3054 1925 3087 com·

244 3123 395 3171 missa
421 3130 469 3173 et
494 3125 611 3187 fuga
636 3126 811 3174 Xerxis
840 3128 1116 3175 430—472
1147 3123 1269 3190 (43),
1298 3127 1378 3176 VI.
1414 3127 1530 3188 fuga
1555 3125 1795 3173 exercitus
1825 3126 1924 3172 473

244 3211 412 3256 -515
436 3206 559 3273 (43).
599 3209 814 3271 Quarum
836 3213 1045 3274 partium
1067 3227 1125 3260 ex
1146 3211 1420 3273 argumenti
1445 3224 1710 3273 progressu
1737 3209 1924 3257 indica-

244 3298 399 3341 tarum
427 3296 611 3343 numeri
634 3312 727 3345 non
757 3298 1066 3345 comeniunt.
1108 3294 1308 3366 Quaerit
1328 3301 1491 3344 autem
1514 3296 1698 3343 Atossa
1719 3294 1795 3342 vel
1825 3294 1930 3342 sin··
