2055 3589
906 209 972 260 63

101 383 230 447 gulis
270 383 494 432 versibus
523 385 620 432 343
651 387 699 431 et
723 385 850 440 441,
887 381 963 430 vel
991 380 1181 429 duobus
1211 381 1325 427 473.
1355 381 1478 438 474,
1517 377 1593 427 vel
1619 378 1775 426 tribus

102 469 395 527 291—293,
436 469 728 525 345-347,
767 467 1060 523 433—435,
1103 464 1179 513 vel
1206 464 1415 527 denique
1441 467 1650 526 quatuor
1677 464 1775 510 328

106 555 299 612 ——3313
340 552 608 615 respondet
641 552 840 600 nuntius
878 552 976 599 294
1006 545 1094 614 (1),
1135 546 1421 622 297---3251
1439 546 1566 611 (29),
1608 547 1776 595 332-

102 639 198 686 339
242 632 328 701 (ὃ),
371 640 470 686 344
510 633 608 700 (1),
650 637 920 685 348—427
970 634 1104 695 (80),
1156 634 1429 682 436—439
1473 628 1561 696 (4),
1607 632 1775 680 442—

100 723 199 771 466
228 717 351 784 (25),
381 722 653 770 475--509
684 717 804 785 (35),
843 720 929 769 sed
955 720 1177 768 Athenas
1204 722 1428 767 servatas
1455 730 1565 765 esse
1592 717 1777 779 primus

99 811 446 856 commemorat
480 807 577 854 342
616 805 711 866 (1),
748 811 796 854 et
834 806 893 854 de
933 805 1070 853 clade
1102 802 1430 866 Psyttaleensi
1468 802 1579 864 ipse
1610 801 1780 864 incipit

99 891 260 940 dicere
293 888 568 939 430-432
612 890 704 951 (3).
767 891 810 939 A
848 890 1057 952 singulIs
1093 893 1255 937 autem
1300 887 1592 935 narrationis
1629 886 1778 950 parti-

99 976 190 1024 bus
225 976 415 1024 secerni
460 981 696 1039 possunt,
741 991 865 1039 quae
901 975 1099 1024 nuntius
1134 975 1182 1022 in
1220 969 1453 1035 cuiusque
1488 972 1584 1020 fine
1619 971 1778 1031 adclit3

98 1065 212 1123 post
249 1061 398 1109 duces
435 1066 682 1121 mortuos,
725 1061 911 1109 ‘horum
948 1060 1144 1122 quidem
1182 1073 1234 1107 se
1261 1058 1573 1117 meminisse,
1607 1056 1692 1105 sed
1721 1071 1778 1105 ex

98 1146 263 1194 multis
285 1147 428 1195 malis
450 1162 608 1210 pauca
632 1146 826 1195 referre'
855 1162 932 1194 vv.
958 1147 1072 1193 324.
1103 1146 1201 1193 325
1232 1143 1327 1204 (2),
1356 1157 1556 1191 numero
1584 1143 1779 1190 navium

98 1232 323 1295 exposito
359 1232 575 1295 quaerit,
611 1247 674 1278 an
699 1232 792 1278 hac
819 1246 875 1278 ex
902 1235 1041 1293 parte
1068 1229 1323 1277 inferiores
1343 1229 1496 1277 fuisse
1523 1227 1782 1276 videantur

100 1318 197 1364 339
239 1316 333 1376 (1),
373 1317 433 1364 ad
473 1316 658 1364 cladem
699 1315 1014 1363 Salaminiam
1058 1314 1228 1373 adicit,
1275 1313 1508 1375 ‘stragem
1547 1313 1778 1361 maiorem

98 1415 226 1462 esse,
252 1415 398 1464 quam
419 1415 544 1463 quae
571 1400 738 1448 decem
761 1400 932 1448 diebus
956 1399 1170 1447 enarrari
1196 1398 1372 1462 possit,
1399 1399 1611 1446 omnium
1634 1412 1778 1461 proe-

98 1485 273 1534 liorum
309 1485 717 1534 cruentissimum'
746 1486 1018 1533 424—427
1051 1482 1146 1543 (4),
1173 1483 1361 1531 cladem
1388 1482 1776 1545 Psyttaleensem

97 1571 390 1619 narrandam
428 1576 475 1618 et
513 1570 685 1633 incipit
724 1571 998 1618 430-——432
1028 1567 1104 1629 (3)
1144 1573 1193 1616 et
1231 1567 1336 1615 finit
1362 1570 1478 1616 465.
1508 1570 1607 1616 406
1637 1563 1779 1627 (¹l21)

98 1655 193 1714 sic,
233 1661 286 1703 ut
319 1656 379 1703 ad
417 1656 607 1718 priores
643 1654 776 1702 illam
812 1654 1043 1703 maiorem
1071 1653 1301 1701 accedere
1329 1653 1474 1700 dicat.
1539 1646 1779 1700 Omnibus

97 1739 240 1788 finem
270 1740 386 1788 facit
411 1755 546 1788 more
573 1739 847 1787 nuntiorum
875 1739 1127 1787 affirmans
1156 1753 1208 1787 se
1229 1753 1345 1786 vera
1364 1738 1547 1786 dixisse
1568 1737 1777 1785 addens-

98 1838 191 1886 que
230 1825 307 1873 vel
352 1825 505 1873 multa
543 1839 595 1872 se
637 1824 865 1873 omisisse
902 1827 1017 1872 507.
1055 1819 1154 1872 5Οὸ
1192 1822 1284 1886 (2).
1355 1822 1544 1871 Deinde
1584 1837 1780 1885 semper

99 1910 284 1958 Atossa
308 1925 446 1958 suam
475 1909 769 1957 sententiam
797 1910 858 1957 de
885 1910 1032 1958 rebus
1059 1909 1294 1957 nuntiatis
1320 1909 1541 1969 adiungit
1566 1907 1776 1970 plerum-

98 2009 190 2056 que
235 1994 427 2043 duobus
472 1994 728 2042 versiculis
773 1994 1037 2042 inclusam:
1084 1994 1290 2056 primam
1335 1993 1511 2040 laetam
1554 1992 1650 2050 illi,
1697 1992 1778 2054 qui

97 2094 226 2126 unus
261 2080 584 2141 gravissimus
617 2079 829 2128 Xerxem
865 2089 1109 2127 servatum
1151 2093 1260 2127 esse
1287 2077 1658 2136 adfirmaverat,
1700 2092 1775 2125 vv.

99 2165 214 2211 295.
245 2165 359 2212 296.
390 2163 481 2224 (2),
520 2170 621 2212 tum
647 2164 940 2212 miserantes
966 2168 1041 2211 ter
1066 2164 1194 2212 binis
1224 2164 1337 2212 326.
1370 2164 1486 2224 327,
1515 2165 1631 2210 340.
1661 2164 1774 2218 341,

98 2250 215 2296 428.
245 2250 360 2309 429,
397 2254 471 2297 ter
505 2249 714 2311 singulis
754 2252 871 2297 440.
901 2250 1019 2297 467.
1050 2250 1166 2307 512,
1202 2252 1348 2310 atque
1381 2248 1554 2295 horum
1582 2246 1776 2309 quidem

97 2337 454 2396 postremorum
494 2334 634 2383 alteri
660 2334 768 2382 loco
797 2334 857 2381 de
886 2333 1170 2381 Marathone
1199 2335 1474 2381 468-474
1501 2331 1597 2392 (7),
1635 2332 1777 2380 tertio

97 2418 156 2466 de
178 2418 383 2467 somniis
404 2419 700 2468 mentionem
721 2419 869 2467 adicit
890 2420 1165 2466 513-515
1189 2417 1285 2478 (3),
1313 2418 1592 2482 praeiverat
1616 2422 1775 2466 autem

97 2502 274 2552 chorus
300 2503 349 2551 in
374 2504 544 2552 ultimo
571 2504 678 2553 loco
703 2504 893 2553 duobus
922 2501 1150 2552 versibus
1179 2505 1296 2551 510.
1327 2505 1420 2551 511
1454 2503 1658 2551 eiulans.

202 2588 352 2637 Vides
375 2589 423 2636 in
446 2603 743 2638 summarum
765 2604 926 2637 rerum
947 2586 1272 2652 dispositione
1297 2587 1600 2651 simplicitati
1619 2587 1775 2650 digni-

96 2673 183 2721 tati
219 2674 562 2736 perspicuitati
595 2688 749 2736 aeque
776 2674 1060 2722 consulente
1086 2674 1299 2723 omnium
1335 2673 1636 2735 singularum
1663 2688 1776 2735 par-

94 2757 216 2804 tium
233 2772 476 2818 numeros,
499 2759 722 2820 quamvis
739 2759 926 2806 similes
941 2759 1041 2806 sint
1055 2764 1103 2807 et
1118 2759 1326 2807 maxime
1341 2758 1536 2820 quidem
1556 2758 1604 2806 in
1621 2758 1774 2806 mino-

93 2842 230 2890 ribus
259 2841 355 2890 illis
382 2843 659 2904 particuliS,
687 2848 847 2891 tamen
877 2843 1069 2892 variari.
1127 2843 1356 2903 Accedit,
1393 2843 1521 2906 quod
1547 2844 1774 2907 repetitio

95 2927 445 2974 sententiarum
467 2942 754 2990 vocumque,
783 2942 878 2990 qua
899 2929 1007 2991 quis
1034 2928 1244 2976 fortasse
1271 2928 1665 2990 aequabilitatem
1690 2943 1773 2991 pe-

94 3011 342 3059 riodorum
369 3013 561 3061 restitui
587 3027 736 3075 posse
762 3014 1007 3075 putaverit
1029 3014 1160 3061 omni
1185 3013 1498 3077 responsioni
1525 3013 1671 3076 plane
1698 3027 1771 3060 re-

96 3102 297 3158 pugnat.
349 3096 425 3145 Ita
451 3097 578 3145 enim
607 3098 789 3146 Atossa
815 3099 1016 3146 vocibus
1044 3093 1088 3144 οἳ
1115 3092 1200 3167 ’γὼ
1225 3093 1440 3145 τάλαινα
1463 3103 1512 3146 et
1536 3097 1771 3145 narratio-

95 3195 203 3228 nem
233 3181 293 3229 de
329 3181 465 3230 clade
491 3182 819 3245 Psyttaleensi
845 3183 952 3243 (V.)
988 3183 1296 3245 interrumpit
1321 3186 1437 3241 440,
1475 3187 1523 3231 et
1552 3183 1772 3230 ultimam

95 3264 491 3315 lamentationem
517 3267 690 3330 incipit
710 3265 839 3330 (VI.)
861 3269 975 3315 512.
1018 3267 1094 3315 Illi
1116 3268 1382 3316 narrationi
1405 3266 1508 3326 (V.)
1530 3281 1636 3318 cum
1659 3267 1770 3315 sub-
