2055 3589
826 55 914 131 '37

38 270 170 314 rum,
215 269 360 316 quam
404 254 600 302 fuerunt
643 253 724 316 qui
767 252 814 299 in
855 251 1017 300 media
1055 266 1208 314 eaque
1246 253 1540 314 gravissima
1576 259 1715 316 parte

40 335 244 404 Septem
281 335 471 386 ducum
508 354 584 387 vv.
611 331 932 386 350—657
967 336 1255 385 delitescere
1290 343 1534 400 putarent.
1592 338 1717 387 Nam

0 415 9 455 Β
40 427 227 486 septem
269 423 592 485 speculatoris
631 422 931 485 totidemque
969 421 1101 483 regis
1129 421 1392 483 orationeS,
1431 423 1608 485 quibus
1633 423 1717 472 ille

0 500 8 535 Β
38 505 580 569 singulos-Argivorum
619 507 767 556 duces
805 506 1051 555 describat
1087 506 1299 568 quidque
1334 508 1412 556 vel
1451 508 1604 570 signis
1641 524 1716 556 ar-

0 597 7 606 “
38 607 228 640 morum
255 591 333 640 vel
360 592 667 640 sermonibus
694 591 963 650 minentur,
1002 590 1082 639 hic
1116 591 1428 640 adversarios
1456 593 1718 642 Thebanos

0 681 6 689 '
40 680 89 726 et
114 675 365 740 praesidia
389 691 419 723 a
444 676 538 723 diis
565 676 811 738 speranda
837 679 1102 736 enumeret,
1140 676 1495 725 contenderunt
1519 693 1549 725 a
1573 682 1720 740 poeta

0 765 5 774 '
39 762 107 810 ita
131 761 258 809 inter
283 775 336 809 se
362 764 597 822 aequatas
624 761 792 821 fuisse,
819 765 872 809 ut
897 761 1156 824 unicuique
1182 775 1424 824 responso
1446 758 1580 824 regis
1606 762 1718 810 toti-

0 841 5 874 *
40 846 149 895 dem
170 859 343 894 versus
370 845 625 893 tribuisset
647 860 791 908 quam
813 845 1127 909 praecedenti
1155 847 1364 895 orationi
1389 847 1561 905 nuntii,
1589 861 1718 895 eam-

39 944 132 993 que
166 929 564 992 aequabilitatem
602 930 723 979 satis
757 930 1019 978 indicatam
1056 945 1166 980 esse
1201 931 1251 979 in
1276 931 1459 979 tradita
1483 932 1721 981 librorum

38 1014 262 1074 lectione,
291 1029 387 1077 qua
413 1015 488 1062 bis
516 1015 703 1063 numeri
729 1015 1005 1064 orationum
1027 1016 1411 1080 compositarum
1433 1018 1723 1065 conveniant

44 1097 124 1163 (ΙΙ.
160 1100 290 1148 enim
328 1115 418 1162 par
459 1101 517 1147 15
543 1118 552 1146 :
577 1097 661 1159 15,
697 1099 778 1147 VI.
818 1101 880 1148 29
906 1119 916 1146 :
942 1102 1003 1148 29
1044 1102 1172 1149 inter
1210 1116 1262 1150 se
1303 1100 1609 1164 opponere),
1648 1107 1723 1150 ter

39 1199 197 1249 paene
225 1189 498 1246 congruant
523 1183 584 1244 (I.
616 1185 678 1231 22
703 1203 714 1231 :
740 1186 820 1244 20,
860 1183 975 1232 IIII.
1012 1186 1069 1233 15
1094 1204 1104 1232 :
1130 1187 1211 1245 20,
1237 1185 1347 1233 VII.
1379 1187 1441 1234 22
1464 1205 1473 1233 :
1497 1186 1608 1249 24),
1646 1187 1722 1236 bis

40 1273 229 1317 tantum
255 1269 522 1317 maioribus
551 1268 824 1316 intervallis
853 1268 1037 1316 distent
1063 1266 1170 1331 (ΠΙ.
1206 1272 1264 1318 15
1290 1289 1300 1317 :
1326 1272 1371 1330 9,
1409 1271 1465 1318 V.
1495 1272 1559 1319 24
1583 1290 1593 1318 :
1619 1269 1720 1333 13).

39 1352 138 1401 Alii
173 1357 465 1401 monuerunt
497 1353 558 1400 ad
593 1357 935 1414 argumentum
972 1369 1029 1401 ex
1062 1355 1209 1402 rebus
1245 1356 1478 1419 petitum,
1517 1357 1646 1418 quod
1673 1357 1722 1405 in

40 1437 384 1501 comparandis
422 1442 469 1486 et
495 1438 635 1500 quasi
664 1439 1044 1501 compensandis
1073 1440 1249 1502 opibus
1276 1440 1572 1502 Argivorum
1599 1443 1722 1490 The-

40 1522 372 1585 banorumque
412 1538 568 1586 aequo
608 1538 808 1571 numero
848 1538 1078 1572 versuum
1122 1524 1319 1586 egregie
1364 1539 1548 1588 aequae
1594 1527 1724 1576 vires

41 1621 226 1669 aequae
255 1622 372 1671 spes
400 1608 758 1670 significentur,
796 1608 1029 1657 accedere
1066 1609 1212 1657 etiam
1250 1613 1498 1658 externam
1526 1625 1724 1660 causam

40 1692 405 1754 aequabilitatis
451 1693 678 1740 admixtis
725 1694 947 1756 partibus
994 1694 1151 1742 chori:
1205 1694 1389 1758 quippe
1440 1696 1522 1758 qui
1571 1697 1724 1746 ternis

41 1777 258 1839 strophis
295 1782 344 1826 et
378 1777 702 1841 antistrophis
739 1783 930 1842 septem
966 1779 1191 1827 binarum
1218 1781 1490 1829 orationum
1520 1797 1726 1845 corpora

41 1861 314 1924 dispescat,
351 1877 459 1911 cum
494 1863 652 1926 primo
689 1864 797 1926 pari
833 1863 911 1912 bis
946 1864 1074 1912 terni
1097 1865 1304 1913 trimetri
1331 1867 1724 1928 praemittantur,

41 1947 218 2009 quibus
242 1947 653 1997 hemichoriorum
682 1948 833 1996 duces
861 1948 1126 1997 adventum
1153 1950 1477 2012 speculatoris
1513 1956 1561 2000 et
1593 1953 1724 2015 regis

40 2031 343 2081 adnuntient.
399 2031 586 2093 Quibus
623 2047 706 2081 sex
741 2033 976 2081 trimetris
1004 2049 1119 2083 vero
1147 2034 1278 2096 quod
1303 2037 1605 2099 respondere
1632 2037 1725 2085 visi

43 2120 157 2164 sunt
183 2131 267 2164 sex
292 2117 379 2174 illi,
409 2118 583 2180 quibus
612 2117 788 2166 chorus
817 2119 1077 2181 septimam
1104 2119 1319 2168 Eteoclis
1347 2121 1618 2170 orationem
1645 2138 1723 2171 ex-

41 2200 177 2263 cipit,
214 2201 262 2249 id
290 2216 350 2250 ne
378 2202 703 2250 concedamus
731 2202 961 2265 prohibet
987 2205 1231 2252 sententia
1255 2205 1449 2254 illorum
1476 2221 1724 2268 versuum,

42 2286 125 2348 qui
163 2291 332 2349 aperte
369 2287 630 2335 transitum
668 2287 730 2335 ad
774 2288 1040 2350 insequens
1087 2289 1380 2353 colloquium
1420 2291 1631 2341 Eteoclis
1675 2293 1725 2341 in

41 2385 258 2433 pugnam
285 2371 466 2420 abituri
492 2375 540 2420 et
567 2372 700 2420 chori
729 2372 1034 2422 dehortantis
1061 2379 1252 2438 parant.
1305 2375 1483 2424 Verum
1508 2378 1725 2428 universi

41 2456 314 2517 argumenti
342 2471 399 2504 ex
424 2457 649 2520 partibus
678 2458 885 2506 choricis
912 2459 1258 2509 accedentibus
1285 2461 1427 2524 petiti
1450 2461 1524 2510 vis
1552 2477 1608 2511 eo
1636 2464 1723 2511 mi-

39 2539 226 2601 nuitur,
264 2541 361 2589 imo
387 2543 598 2600 tollitur,
632 2543 759 2606 quod
786 2543 900 2592 illae
927 2559 1016 2593 nec
1043 2545 1227 2593 ambitu
1253 2560 1341 2594 nec
1367 2547 1585 2609 pondere
1613 2545 1722 2597 s‘en-

40 2625 303 2674 tentiarum
328 2626 428 2675 ullo
454 2627 600 2676 modo
629 2629 901 2692 comparari
929 2634 978 2677 et
1004 2631 1189 2693 opponi
1218 2636 1427 2693 possunt
1451 2632 1644 2693 iambis,
1672 2639 1726 2682 ut

42 2708 90 2756 in
117 2709 177 2757 iis
204 2709 327 2759 locis
352 2712 533 2759 factum
559 2713 799 2772 videmuS,
829 2714 911 2776 qui
932 2730 1099 2777 parem
1122 2730 1374 2764 numerum
1395 2717 1724 2766 trimetrorum

43 2794 340 2844 carminibus
368 2796 693 2846 immixtorum
721 2799 960 2848 exhibent.
1002 2800 1220 2859 Accedit,
1249 2802 1377 2864 quod
1400 2802 1596 2865 singula
1622 2819 1722 2853 ser-

41 2895 238 2928 monum
267 2895 475 2944 corpora
510 2882 717 2931 choricis
752 2885 975 2946 partibus
1011 2885 1366 2949 circumsaepta
1394 2902 1492 2936 non
1517 2889 1644 2936 inter
1670 2904 1723 2937 se

42 2965 366 3029 respondere,
405 2966 492 3014 sed
527 2967 575 3014 in
612 2968 839 3017 dimidias
877 2973 1044 3033 partes
1069 2971 1299 3034 aequales
1328 2972 1487 3021 divisa
1513 2988 1623 3022 esse
1651 2974 1722 3021 di-

43 3054 228 3099 cuntur.
286 3051 456 3114 Itaque
496 3053 770 3116 exemplum
810 3056 976 3118 potius
1021 3056 1424 3119 stichomythicae
1470 3058 1721 3107 cuiusdam

43 3136 383 3199 responsionis
410 3138 669 3201 praeberet
693 3139 779 3187 illa
805 3155 948 3203 quam
977 3140 1144 3190 volunt
1170 3143 1509 3205 aequabilitas
